
@article{baldi1989neural,
  title={Neural networks and principal component analysis: Learning from examples without local minima},
  author={Baldi, Pierre and Hornik, Kurt},
  journal={Neural networks},
  volume={2},
  number={1},
  pages={53--58},
  year={1989},
  publisher={Elsevier}
}

@article{bengio2007greedy,
  title={Greedy layer-wise training of deep networks},
  author={Bengio, Yoshua and Lamblin, Pascal and Popovici, Dan and Larochelle, Hugo and others},
  journal={Advances in neural information processing systems},
  volume={19},
  pages={153},
  year={2007},
  publisher={MIT; 1998}
}

@article{bengio2009learning,
  title={Learning deep architectures for AI},
  author={Bengio, Yoshua},
  journal={Foundations and trends in Machine Learning},
  volume={2},
  number={1},
  pages={1--127},
  year={2009},
  publisher={Now Publishers Inc.}
}

@article{bengio2013representation,
  title={Representation learning: A review and new perspectives},
  author={Bengio, Yoshua and Courville, Aaron and Vincent, Pascal},
  journal={Pattern Analysis and Machine Intelligence, IEEE Transactions on},
  volume={35},
  number={8},
  pages={1798--1828},
  year={2013},
  publisher={IEEE}
}

@incollection{bottou2010large,
  title={Large-scale machine learning with stochastic gradient descent},
  author={Bottou, L{\'e}on},
  booktitle={Proceedings of COMPSTAT'2010},
  pages={177--186},
  year={2010},
  publisher={Springer}
}

@inproceedings{carreira2005contrastive,
  title={On contrastive divergence learning},
  author={Carreira-Perpinan, Miguel A and Hinton, Geoffrey E},
  booktitle={Proceedings of the tenth international workshop on artificial intelligence and statistics},
  pages={33--40},
  year={2005},
  organization={Citeseer}
}

@article{casey2008content,
  title={Content-based music information retrieval: Current directions and future challenges},
  author={Casey, Michael A and Veltkamp, Remco and Goto, Masataka and Leman, Marc and Rhodes, Christophe and Slaney, Malcolm},
  journal={Proceedings of the IEEE},
  volume={96},
  number={4},
  pages={668--696},
  year={2008},
  publisher={IEEE}
}

@inproceedings{chen2010deep,
  title={Deep Learning of Invariant Spatiotemporal Features from Video},
  author={Chen, Bo and Ting, Jo-Anne and Marlin, Ben and de Freitas, Nando},
  booktitle={NIPS Workshop},
  year={2010}
}

@inproceedings{deng2010binary,
  title={Binary coding of speech spectrograms using a deep auto-encoder.},
  author={Deng, Li and Seltzer, Michael L and Yu, Dong and Acero, Alex and Mohamed, Abdel-Rahman and Hinton, Geoffrey E},
  booktitle={Interspeech},
  pages={1692--1695},
  year={2010},
  organization={Citeseer}
}

@article{duchi2011adaptive,
  title={Adaptive subgradient methods for online learning and stochastic optimization},
  author={Duchi, John and Hazan, Elad and Singer, Yoram},
  journal={The Journal of Machine Learning Research},
  volume={12},
  pages={2121--2159},
  year={2011},
  publisher={JMLR. org}
}

@inproceedings{ellis2012large,
  title={Large-scale cover song recognition using the 2d fourier transform magnitude},
  author={Ellis, Daniel PW and Thierry, Bertin-Mahieux},
  booktitle={The 13th international society for music information retrieval conference},
  pages={241--246},
  year={2012}
}

@inproceedings{erhan2009difficulty,
  title={The difficulty of training deep architectures and the effect of unsupervised pre-training},
  author={Erhan, Dumitru and Manzagol, Pierre-Antoine and Bengio, Yoshua and Bengio, Samy and Vincent, Pascal},
  booktitle={International Conference on artificial intelligence and statistics},
  pages={153--160},
  year={2009}
}

@article{gers2000learning,
  title={Learning to forget: Continual prediction with LSTM},
  author={Gers, Felix A and Schmidhuber, J{\"u}rgen and Cummins, Fred},
  journal={Neural computation},
  volume={12},
  number={10},
  pages={2451--2471},
  year={2000},
  publisher={MIT Press}
}

@inproceedings{goodfellow2012large,
  title={Large-Scale Feature Learning With Spike-and-Slab Sparse Coding},
  author={Goodfellow, Ian and Bengio, Yoshua and Courville, Aaron C},
  booktitle={Proceedings of the 29th International Conference on Machine Learning (ICML-12)},
  pages={1439--1446},
  year={2012}
}

@article{hinton2006fast,
  title={A fast learning algorithm for deep belief nets},
  author={Hinton, Geoffrey and Osindero, Simon and Teh, Yee-Whye},
  journal={Neural computation},
  volume={18},
  number={7},
  pages={1527--1554},
  year={2006},
  publisher={MIT Press}
}

@article{hinton2010practical,
  title={A practical guide to training restricted Boltzmann machines},
  author={Hinton, Geoffrey},
  journal={Momentum},
  volume={9},
  number={1},
  pages={926},
  year={2010}
}

@article{hochreiter1997long,
  title={Long short-term memory},
  author={Hochreiter, Sepp and Schmidhuber, J{\"u}rgen},
  journal={Neural computation},
  volume={9},
  number={8},
  pages={1735--1780},
  year={1997},
  publisher={MIT Press}
}

@article{hubel1968receptive,
  title={Receptive fields and functional architecture of monkey striate cortex},
  author={Hubel, David H and Wiesel, Torsten N},
  journal={The Journal of physiology},
  volume={195},
  number={1},
  pages={215--243},
  year={1968},
  publisher={Wiley Online Library}
}

@article{hupe1998cortical,
  title={Cortical feedback improves discrimination between figure and background by V1, V2 and V3 neurons},
  author={Hupe, JM and James, AC and Payne, BR and Lomber, SG and Girard, P and Bullier, J},
  journal={Nature},
  volume={394},
  number={6695},
  pages={784--787},
  year={1998},
  publisher={Nature Publishing Group}
}

@inproceedings{humphrey2012rethinking,
  title={Rethinking automatic chord recognition with convolutional neural networks},
  author={Humphrey, Eric J and Bello, Juan Pablo},
  booktitle={Machine Learning and Applications (ICMLA), 2012 11th International Conference on},
  volume={2},
  pages={357--362},
  year={2012},
  organization={IEEE}
}

@article{humphrey2013feature,
  title={Feature learning and deep architectures: new directions for music informatics},
  author={Humphrey, Eric J and Bello, Juan P and LeCun, Yann},
  journal={Journal of Intelligent Information Systems},
  volume={41},
  number={3},
  pages={461--481},
  year={2013},
  publisher={Springer}
}

@inproceedings{kavukcuoglu2009learning,
  title={Learning invariant features through topographic filter maps},
  author={Kavukcuoglu, Koray and Ranzato, Marc Aurelio and Fergus, Rob and Le-Cun, Yann},
  booktitle={Computer Vision and Pattern Recognition, 2009. CVPR 2009. IEEE Conference on},
  pages={1605--1612},
  year={2009},
  organization={IEEE}
}

@article{langkvist2014review,
  title={A review of unsupervised feature learning and deep learning for time-series modeling},
  author={L{\"a}ngkvist, Martin and Karlsson, Lars and Loutfi, Amy},
  journal={Pattern Recognition Letters},
  volume={42},
  pages={11--24},
  year={2014},
  publisher={Elsevier}
}

@inproceedings{le2013building,
  title={Building high-level features using large scale unsupervised learning},
  author={Le, Quoc V and Monga, Rajat and Devin, Matthieu and Chen, Kai and Corrado, Greg S and Dean, Jeff and Ng, Andrew Y},
  booktitle={Acoustics, Speech and Signal Processing (ICASSP), 2013 IEEE International Conference on},
  pages={8595--8598},
  year={2013},
  organization={IEEE}
}

@article{lecun1998gradient,
  title={Gradient-based learning applied to document recognition},
  author={LeCun, Yann and Bottou, L{\'e}on and Bengio, Yoshua and Haffner, Patrick},
  journal={Proceedings of the IEEE},
  volume={86},
  number={11},
  pages={2278--2324},
  year={1998},
  publisher={IEEE}
}

@inproceedings{lee2008sparse,
  title={Sparse deep belief net model for visual area V2},
  author={Lee, Honglak and Ekanadham, Chaitanya and Ng, Andrew Y},
  booktitle={Advances in neural information processing systems},
  pages={873--880},
  year={2008}
}

@inproceedings{lee2009convolutional,
  title={Convolutional deep belief networks for scalable unsupervised learning of hierarchical representations},
  author={Lee, Honglak and Grosse, Roger and Ranganath, Rajesh and Ng, Andrew Y},
  booktitle={Proceedings of the 26th Annual International Conference on Machine Learning},
  pages={609--616},
  year={2009},
  organization={ACM}
}

@article{liu1989limited,
  title={On the limited memory BFGS method for large scale optimization},
  author={Liu, Dong C and Nocedal, Jorge},
  journal={Mathematical programming},
  volume={45},
  number={1-3},
  pages={503--528},
  year={1989},
  publisher={Springer}
}

@incollection{martens2012training,
  title={Training deep and recurrent networks with hessian-free optimization},
  author={Martens, James and Sutskever, Ilya},
  booktitle={Neural Networks: Tricks of the Trade},
  pages={479--535},
  year={2012},
  publisher={Springer}
}

@incollection{masci2011stacked,
  title={Stacked convolutional auto-encoders for hierarchical feature extraction},
  author={Masci, Jonathan and Meier, Ueli and Cire{\c{s}}an, Dan and Schmidhuber, J{\"u}rgen},
  booktitle={Artificial Neural Networks and Machine Learning--ICANN 2011},
  pages={52--59},
  year={2011},
  publisher={Springer}
}

@inproceedings{memisevic2007unsupervised,
title={Unsupervised learning of image transformations},
author={Memisevic, Roland and Hinton, Geoffrey},
booktitle={Computer Vision and Pattern Recognition, 2007. CVPR'07. IEEE Conference on},
pages={1--8},
year={2007},
organization={IEEE}
}

@inproceedings{mnih2007three,
  title={Three new graphical models for statistical language modelling},
  author={Mnih, Andriy and Hinton, Geoffrey},
  booktitle={Proceedings of the 24th international conference on Machine learning},
  pages={641--648},
  year={2007},
  organization={ACM}
}

@article{mnih2015human,
  title={Human-level control through deep reinforcement learning},
  author={Mnih, Volodymyr and Kavukcuoglu, Koray and Silver, David and Rusu, Andrei A and Veness, Joel and Bellemare, Marc G and Graves, Alex and Riedmiller, Martin and Fidjeland, Andreas K and Ostrovski, Georg and others},
  journal={Nature},
  volume={518},
  number={7540},
  pages={529--533},
  year={2015},
  publisher={Nature Publishing Group}
}

@inproceedings{nair20093d,
title={3D object recognition with deep belief nets},
author={Nair, Vinod and Hinton, Geoffrey E},
booktitle={Advances in Neural Information Processing Systems},
pages={1339--1347},
year={2009}
}

@article{olshausen1997sparse,
  title={Sparse coding with an overcomplete basis set: A strategy employed by V1?},
  author={Olshausen, Bruno A and Field, David J},
  journal={Vision research},
  volume={37},
  number={23},
  pages={3311--3325},
  year={1997},
  publisher={Elsevier}
}

@article{pineda1987generalization,
title={Generalization of back-propagation to recurrent neural networks},
author={Pineda, Fernando J},
journal={Physical review letters},
volume={59},
number={19},
pages={2229},
year={1987},
publisher={APS}
}

@inproceedings{ranzato2007sparse,
  title={Sparse feature learning for deep belief networks},
  author={Ranzato, Marc-Aurelio and Boureau, Y-lan and Cun, Yann L},
  booktitle={Advances in neural information processing systems},
  pages={1185--1192},
  year={2007}
}

@inproceedings{rifai2011contractive,
  title={Contractive auto-encoders: Explicit invariance during feature extraction},
  author={Rifai, Salah and Vincent, Pascal and Muller, Xavier and Glorot, Xavier and Bengio, Yoshua},
  booktitle={Proceedings of the 28th International Conference on Machine Learning (ICML-11)},
  pages={833--840},
  year={2011}
}

@incollection{rifai2011higher,
  title={Higher order contractive auto-encoder},
  author={Rifai, Salah and Mesnil, Gr{\'e}goire and Vincent, Pascal and Muller, Xavier and Bengio, Yoshua and Dauphin, Yann and Glorot, Xavier},
  booktitle={Machine Learning and Knowledge Discovery in Databases},
  pages={645--660},
  year={2011},
  publisher={Springer}
}

@inproceedings{rumelhart1988learning,
  title={Learning internal representations by error propagation},
  author={Rumelhart, DE and Hinton, GE and Williams, RJ},
  booktitle={Neurocomputing: foundations of research},
  pages={673--695},
  year={1988},
  organization={MIT Press}
}

@inproceedings{salakhutdinov2007restricted,
  title={Restricted Boltzmann machines for collaborative filtering},
  author={Salakhutdinov, Ruslan and Mnih, Andriy and Hinton, Geoffrey},
  booktitle={Proceedings of the 24th international conference on Machine learning},
  pages={791--798},
  year={2007},
  organization={ACM}
}

@inproceedings{salakhutdinov2009deep,
  title={Deep boltzmann machines},
  author={Salakhutdinov, Ruslan and Hinton, Geoffrey E},
  booktitle={International Conference on Artificial Intelligence and Statistics},
  pages={448--455},
  year={2009}
}

@inproceedings{saxe2011random,
  title={On random weights and unsupervised feature learning},
  author={Saxe, Andrew and Koh, Pang W and Chen, Zhenghao and Bhand, Maneesh and Suresh, Bipin and Ng, Andrew Y},
  booktitle={Proceedings of the 28th International Conference on Machine Learning (ICML-11)},
  pages={1089--1096},
  year={2011}
}

@inproceedings{sutskever2007learning,
  title={Learning multilevel distributed representations for high-dimensional sequences},
  author={Sutskever, Ilya and Hinton, Geoffrey E},
  booktitle={International Conference on Artificial Intelligence and Statistics},
  pages={548--555},
  year={2007}
}

@phdthesis{sutskever2013training,
  title={Training recurrent neural networks},
  author={Sutskever, Ilya},
  year={2013},
  school={University of Toronto}
}

@inproceedings{tang2010deep,
  title={Deep networks for robust visual recognition},
  author={Tang, Yichuan and Eliasmith, Chris},
  booktitle={Proceedings of the 27th International Conference on Machine Learning (ICML-10)},
  pages={1055--1062},
  year={2010}
}

@inproceedings{taylor2006modeling,
  title={Modeling human motion using binary latent variables},
  author={Taylor, Graham W and Hinton, Geoffrey E and Roweis, Sam T},
  booktitle={Advances in neural information processing systems},
  pages={1345--1352},
  year={2006}
}

@inproceedings{taylor2009factored,
  title={Factored conditional restricted Boltzmann machines for modeling motion style},
  author={Taylor, Graham W and Hinton, Geoffrey E},
  booktitle={Proceedings of the 26th annual international conference on machine learning},
  pages={1025--1032},
  year={2009},
  organization={ACM}
}

@article{teh2001rate,
  title={Rate-coded restricted Boltzmann machines for face recognition},
  author={Teh, Yee Whye and Hinton, Geoffrey E},
  journal={Advances in neural information processing systems},
  pages={908--914},
  year={2001},
  publisher={MIT; 1998}
}

@inproceedings{tieleman2008training,
  title={Training restricted Boltzmann machines using approximations to the likelihood gradient},
  author={Tieleman, Tijmen},
  booktitle={Proceedings of the 25th international conference on Machine learning},
  pages={1064--1071},
  year={2008},
  organization={ACM}
}

@inproceedings{tieleman2009using,
  title={Using fast weights to improve persistent contrastive divergence},
  author={Tieleman, Tijmen and Hinton, Geoffrey},
  booktitle={Proceedings of the 26th Annual International Conference on Machine Learning},
  pages={1033--1040},
  year={2009},
  organization={ACM}
}

@article{utgoff2002many,
  title={Many-layered learning},
  author={Utgoff, Paul E and Stracuzzi, David J},
  journal={Neural Computation},
  volume={14},
  number={10},
  pages={2497--2529},
  year={2002},
  publisher={MIT Press}
}

@article{vincent2010stacked,
  title={Stacked denoising autoencoders: Learning useful representations in a deep network with a local denoising criterion},
  author={Vincent, Pascal and Larochelle, Hugo and Lajoie, Isabelle and Bengio, Yoshua and Manzagol, Pierre-Antoine},
  journal={The Journal of Machine Learning Research},
  volume={11},
  pages={3371--3408},
  year={2010},
  publisher={JMLR. org}
}

@article{vincent2011connection,
  title={A connection between score matching and denoising autoencoders},
  author={Vincent, Pascal},
  journal={Neural computation},
  volume={23},
  number={7},
  pages={1661--1674},
  year={2011},
  publisher={MIT Press}
}

@article{waibel1989modular,
  title={Modular construction of time-delay neural networks for speech recognition},
  author={Waibel, Alex},
  journal={Neural computation},
  volume={1},
  number={1},
  pages={39--46},
  year={1989},
  publisher={MIT Press}
}

@article{werbos1990backpropagation,
  title={Backpropagation through time: what it does and how to do it},
  author={Werbos, Paul J},
  journal={Proceedings of the IEEE},
  volume={78},
  number={10},
  pages={1550--1560},
  year={1990},
  publisher={IEEE}
}

@incollection{weston2012deep,
  title={Deep learning via semi-supervised embedding},
  author={Weston, Jason and Ratle, Fr{\'e}d{\'e}ric and Mobahi, Hossein and Collobert, Ronan},
  booktitle={Neural Networks: Tricks of the Trade},
  pages={639--655},
  year={2012},
  publisher={Springer}
}

@article{yu2011deep,
  title={Deep learning and its applications to signal and information processing [exploratory dsp]},
  author={Yu, Dong and Deng, Li},
  journal={Signal Processing Magazine, IEEE},
  volume={28},
  number={1},
  pages={145--154},
  year={2011},
  publisher={IEEE}
}