% This file was created with JabRef 2.6.
% Encoding: Cp1252

@article{bialek1991reading,
  title={Reading a neural code},
  author={Bialek, William and Rieke, Fred and Van Steveninck, RR de Ruyter and Warland, David},
  journal={Science},
  volume={252},
  number={5014},
  pages={1854--1857},
  year={1991},
  publisher={American Association for the Advancement of Science}
}

@article{carlyon2003account,
title={An account of monaural phase sensitivity},
author={Carlyon, Robert P and Shamma, Shihab},
journal={The Journal of the Acoustical Society of America},
volume={114},
number={1},
pages={333--348},
year={2003},
publisher={Acoustical Society of America}
}

@article{chi2005multiresolution,
title={Multiresolution spectrotemporal analysis of complex sounds},
author={Chi, Taishih and Ru, Powen and Shamma, Shihab A},
journal={The Journal of the Acoustical Society of America},
volume={118},
number={2},
pages={887--906},
year={2005},
publisher={Acoustical Society of America}
}

@article{depireux2001spectro,
title={Spectro-temporal response field characterization with dynamic ripples in ferret primary auditory cortex},
author={Depireux, Didier A and Simon, Jonathan Z and Klein, David J and Shamma, Shihab A},
journal={Journal of neurophysiology},
volume={85},
number={3},
pages={1220--1234},
year={2001},
publisher={Am Physiological Soc}
}

@article{elhilali2008cocktail,
title={A cocktail party with a cortical twist: how cortical mechanisms contribute to sound segregation},
author={Elhilali, Mounya and Shamma, Shihab A},
journal={The Journal of the Acoustical Society of America},
volume={124},
number={6},
pages={3751--3771},
year={2008},
publisher={Acoustical Society of America}
}

@article{fritz2005differential,
title={Differential dynamic plasticity of A1 receptive fields during multiple spectral tasks},
author={Fritz, Jonathan B and Elhilali, Mounya and Shamma, Shihab A},
journal={The Journal of neuroscience},
volume={25},
number={33},
pages={7623--7635},
year={2005},
publisher={Soc Neuroscience}
}

@article{mesgarani2009influence,
  title={Influence of context and behavior on stimulus reconstruction from neural activity in primary auditory cortex},
  author={Mesgarani, Nima and David, Stephen V and Fritz, Jonathan B and Shamma, Shihab A},
  journal={Journal of neurophysiology},
  volume={102},
  number={6},
  pages={3329--3339},
  year={2009},
  publisher={Am Physiological Soc}
}

@article{miller2002spectrotemporal,
title={Spectrotemporal receptive fields in the lemniscal auditory thalamus and cortex},
author={Miller, Lee M and Escab{\'\i}, Monty A and Read, Heather L and Schreiner, Christoph E},
journal={Journal of neurophysiology},
volume={87},
number={1},
pages={516--527},
year={2002},
publisher={Am Physiological Soc}
}

@article{pasley2012reconstructing,
title={Reconstructing speech from human auditory cortex},
author={Pasley, Brian N and David, Stephen V and Mesgarani, Nima and Flinker, Adeen and Shamma, Shihab A and Crone, Nathan E and Knight, Robert T and Chang, Edward F and others},
journal={PLoS-Biology},
volume={10},
number={1},
pages={175},
year={2012}
}

@article{patil2012music,
title={Music in our ears: the biological bases of musical timbre perception.},
author={Patil, K and Pressnitzer, D and Shamma, S and Elhilali, M},
journal={PLoS computational biology},
volume={8},
number={11},
pages={e1002759},
year={2012}
}

@article{ramirez2011incorporating,
  title={Incorporating naturalistic correlation structure improves spectrogram reconstruction from neuronal activity in the songbird auditory midbrain},
  author={Ramirez, Alexandro D and Ahmadian, Yashar and Schumacher, Joseph and Schneider, David and Woolley, Sarah MN and Paninski, Liam},
  journal={The Journal of Neuroscience},
  volume={31},
  number={10},
  pages={3828--3842},
  year={2011},
  publisher={Soc Neuroscience}
}

@article{rauschecker2009maps,
  title={Maps and streams in the auditory cortex: nonhuman primates illuminate human speech processing},
  author={Rauschecker, Josef P and Scott, Sophie K},
  journal={Nature neuroscience},
  volume={12},
  number={6},
  pages={718--724},
  year={2009},
  publisher={Nature Publishing Group}
}

@article{recanzone2010serial,
  title={Serial and parallel processing in the primate auditory cortex revisited},
  author={Recanzone, Gregg H and Cohen, Yale E},
  journal={Behavioural brain research},
  volume={206},
  number={1},
  pages={1--7},
  year={2010},
  publisher={Elsevier}
}

@article{schreiner1988representation,
title={Representation of amplitude modulation in the auditory cortex of the cat. II. Comparison between cortical fields},
author={Schreiner, Christoph E and Urbas, John V},
journal={Hearing research},
volume={32},
number={1},
pages={49--63},
year={1988},
publisher={Elsevier}
}

@article{schreiner1998spatial,
  title={Spatial distribution of responses to simple and complex sounds in the primary auditory cortex},
  author={Schreiner, Christoph E},
  journal={Audiology and Neurotology},
  volume={3},
  number={2-3},
  pages={104--122},
  year={1998},
  publisher={Karger Publishers}
}

@article{wang1994self,
  title={Self-normalization and noise-robustness in early auditory representations},
  author={Wang, Kuansan and Shamma, Shihab},
  journal={Speech and Audio Processing, IEEE Transactions on},
  volume={2},
  number={3},
  pages={421--435},
  year={1994},
  publisher={IEEE}
}