%@article{
%  title={Time-series data mining},
%  author={Esling, P. and Agon, C.},
%  journal={ACM Computing Surveys (CSUR)},
%  volume={45},
%  number={1},
%  pages={12},
%  year={2012},
%  publisher={ACM}
%}

%@article{
%  title={Time-series data mining},
%  author={Esling, P. and Agon, C.},
%  journal={ACM Computing Surveys (CSUR)},
%  volume={45},
%  number={1},
%  pages={12},
%  year={2012},
%  publisher={ACM}
%}

@inproceedings{keogh2001derivative,
title={Derivative Dynamic Time Warping.},
author={Keogh, Eamonn J and Pazzani, Michael J},
booktitle={SDM},
volume={1},
pages={5--7},
year={2001},
organization={SIAM}
}

@article{lines2014time,
title={Time series classification with ensembles of elastic distance measures},
author={Lines, Jason and Bagnall, Anthony},
journal={Data Mining and Knowledge Discovery},
pages={1--28},
year={2014},
publisher={Springer}
}

@article{jeong2011weighted,
title={Weighted dynamic time warping for time series classification},
author={Jeong, Young-Seon and Jeong, Myong K and Omitaomu, Olufemi A},
journal={Pattern Recognition},
volume={44},
number={9},
pages={2231--2240},
year={2011},
publisher={Elsevier}
}

@article{marteau2009time,
title={Time warp edit distance with stiffness adjustment for time series matching},
author={Marteau, P-F},
journal={Pattern Analysis and Machine Intelligence, IEEE Transactions on},
volume={31},
number={2},
pages={306--318},
year={2009},
publisher={IEEE}
}

@article{stefan2013move,
title={The move-split-merge metric for time series},
author={Stefan, Alexandra and Athitsos, Vassilis and Das, Gautam},
journal={Knowledge and Data Engineering, IEEE Transactions on},
volume={25},
number={6},
pages={1425--1438},
year={2013},
publisher={IEEE}
}

@article{esling2012time,
    title={Time-series data mining},
    author={Esling, P. and Agon, C.},
    journal={ACM Computing Surveys (CSUR)},
    volume={45},
    number={1},
    pages={12},
    year={2012},
    publisher={ACM}
}

@article{esling2013multiobjective,
    title={Multiobjective time series matching for audio classification and retrieval},
    author={Esling, P. and Agon, C.},
    journal={Audio, Speech, and Language Processing, IEEE Transactions on},
    volume={21},
    number={10},
    pages={2057--2072},
    year={2013},
    publisher={IEEE}
}
	
@article{bagnall2012transformation,
  title={Transformation based ensembles for time series classification},
  author={Bagnall, A. and Davis, L. and Hills, J. and Lines, J.},
  journal={Proc. 12th SDM},
  year={2012}
}

@inproceedings{alimoglu1996methods,
  title={Methods of Combining Multiple Classifiers Based on Different Representations for Pen-based Handwritten Digit Recognition},
  author={Alimoglu, F. and Alpaydin, E.},
  booktitle={Proceedings of the Fifth Turkish Artificial Intelligence and Artificial Neural Networks Symposium},
  year={1996},
  organization={Citeseer}
}

@article{bernecker2011quality,
  title={Quality of similarity rankings in time series},
  author={Bernecker, T. and Houle, M. and Kriegel, H.P. and Kroger, P. and Renz, M. and Schubert, E. and Zimek, A.},
  journal={Advances in Spatial and Temporal Databases},
  pages={422--440},
  year={2011},
  publisher={Springer}
}

@article{blankertz2004bci,
  title={The BCI competition 2003: progress and perspectives in detection and discrimination of EEG single trials},
  author={Blankertz, B. and Muller, K.R. and Curio, G. and Vaughan, T.M. and Schalk, G. and Wolpaw, J.R. and Schlogl, A. and Neuper, C. and Pfurtscheller, G. and Hinterberger, T. and others},
  journal={Biomedical Engineering, IEEE Transactions on},
  volume={51},
  number={6},
  pages={1044--1051},
  year={2004},
  publisher={IEEE}
}

@article{blankertz2007non,
  title={The non-invasive Berlin Brain-Computer Interface: Fast acquisition of effective performance in untrained subjects},
  author={Blankertz, B. and Dornhege, G. and Krauledat, M. and Muller, K.R. and Curio, G.},
  journal={NeuroImage},
  volume={37},
  number={2},
  pages={539--550},
  year={2007},
  publisher={Elsevier}
}

@inproceedings{botta1993learning,
  title={Learning fuzzy concept definitions},
  author={Botta, M. and Giordana, A. and Saitta, L.},
  booktitle={Fuzzy Systems, 1993., Second IEEE International Conference on},
  pages={18--22},
  year={1993},
  organization={IEEE}
}

@article{bousseljot1995nutzung,
  title={Nutzung der EKG-Signaldatenbank CARDIODAT der PTB uber das Internet},
  author={Bousseljot, R. and Kreiseler, D. and Schnabel, A.},
  journal={Biomedizinische Technik/Biomedical Engineering},
  volume={40},
  number={s1},
  pages={317--318},
  year={1995},
  publisher={Walter de Gruyter, Berlin, New York}
}

@article{brunner2007spatial,
  title={Spatial filtering and selection of optimized components in four class motor imagery EEG data using independent components analysis},
  author={Brunner, C. and Naeem, M. and Leeb, R. and Graimann, B. and Pfurtscheller, G.},
  journal={Pattern recognition letters},
  volume={28},
  number={8},
  pages={957--964},
  year={2007},
  publisher={Elsevier}
}

@inproceedings{bsoul2010real,
  title={Real-time sleep quality assessment using single-lead ECG and multi-stage SVM classifier.},
  author={Bsoul, M. and Minn, H. and Nourani, M. and Gupta, G. and Tamil, L.},
  booktitle={Annual International Conference of the IEEE Engineering in Medicine and Biology Society. IEEE Engineering in Medicine and Biology Society. Conference},
  volume={2010},
  pages={1178},
  year={2010}
}

@article{camarinha1996integration,
  title={Integration and learning in supervision of flexible assembly systems},
  author={Camarinha-Matos, L.M. and Lopes, L.S. and Barata, J.},
  journal={Robotics and Automation, IEEE Transactions on},
  volume={12},
  number={2},
  pages={202--219},
  year={1996},
  publisher={IEEE}
}

@inproceedings{castro2009improving,
title={Improving a DTW-based recognition engine for on-line handwritten characters by using MLPs},
author={Castro-Bleda, M.J. and Espana, S. and Gorbe, J. and Zamora, F. and Llorens, D. and Marzal, A. and Prat, F. and Vilar, J.M.},
booktitle={10th International Conference on Document Analysis and Recognition},
pages={1260--1264},
year={2009}
}

@misc{conover1960practical,
	Author = {Conover, W.J.},
	Publisher = {Wiley New York},
	Title = {Practical nonparametric statistics},
	Volume = {3},
	Year = {1980}}

@article{coomans1982alternative,
  title={Alternative< i> k</i>-nearest neighbour rules in supervised pattern recognition: Part 1. k-Nearest neighbour classification by using alternative voting rules},
  author={Coomans, D. and Massart, DL},
  journal={Analytica Chimica Acta},
  volume={136},
  pages={15--27},
  year={1982},
  publisher={Elsevier}
}

@inproceedings{coyle2004extracting,
  title={Extracting features for a brain-computer interface by self-organising fuzzy neural network-based time series prediction},
  author={Coyle, D. and Prasad, G. and McGinnity, T.M.},
  booktitle={Engineering in Medicine and Biology Society, 2004. IEMBS'04. 26th Annual International Conference of the IEEE},
  volume={2},
  pages={4371--4374},
  year={2004},
  organization={IEEE}
}

@article{demvsar2006statistical,
  title={Statistical comparisons of classifiers over multiple data sets},
  author={Demsar, J.},
  journal={The Journal of Machine Learning Research},
  volume={7},
  pages={1--30},
  year={2006},
  publisher={JMLR. org}
}

@inproceedings{dias2009hand,
  title={Hand movement recognition for brazilian sign language: A study using distance-based neural networks},
  author={Dias, D.B. and Madeo, R.C.B. and Rocha, T. and Biscaro, H.H. and Peres, S.M.},
  booktitle={Neural Networks, 2009. IJCNN 2009. International Joint Conference on},
  pages={697--704},
  year={2009},
  organization={IEEE}
}

@article{dietterich1995solving,
  title={Solving Multiclass Learning Problems via Error-Correcting Output Codes},
  author={Dietterich, T.G. and Bakiri, G.},
  journal={Journal of Artificial Intelligence Research},
  volume={2},
  number={263},
  pages={286},
  year={1995}
}

@article{dornhege2004boosting,
  title={Boosting bit rates in noninvasive EEG single-trial classifications by feature combination and multiclass paradigms},
  author={Dornhege, G. and Blankertz, B. and Curio, G. and Muller, K.R.},
  journal={Biomedical Engineering, IEEE Transactions on},
  volume={51},
  number={6},
  pages={993--1002},
  year={2004},
  publisher={IEEE}
}

@article{downie2004scientific,
	Author = {Downie, J.S.},
	Journal = {Computer Music Journal},
	Number = {2},
	Pages = {12--23},
	Publisher = {JSTOR},
	Title = {The scientific evaluation of music information retrieval systems: Foundations and future},
	Volume = {28},
	Year = {2004}}

@inproceedings{eggermont2004genetic,
  title={Genetic programming for data classification: Partitioning the search space},
  author={Eggermont, J. and Kok, J.N. and Kosters, W.A.},
  booktitle={Proceedings of the 2004 ACM symposium on Applied computing},
  pages={1001--1005},
  year={2004},
  organization={ACM}
}

@article{fanty1991spoken,
  title={Spoken Letter Recognition},
  author={Fanty, M. and Cole, R.},
  journal={Advances in neural information processing systems 3},
  volume={3},
  pages={220},
  year={1991},
  publisher={Morgan Kaufmann Pub}
}

@article{farwell1988talking,
  title={Talking off the top of your head: toward a mental prosthesis utilizing event-related brain potentials},
  author={Farwell, L.A. and Donchin, E.},
  journal={Electroencephalography and clinical Neurophysiology},
  volume={70},
  number={6},
  pages={510--523},
  year={1988},
  publisher={Elsevier}
}

@article{fele2008comparison,
  title={A comparison of various linear and non-linear signal processing techniques to separate uterine EMG records of term and pre-term delivery groups},
  author={Fele-Zorz, G. and Kavsek, G. and Novak-Antolic, Z. and Jager, F.},
  journal={Medical and Biological Engineering and Computing},
  volume={46},
  number={9},
  pages={911--922},
  year={2008},
  publisher={Springer}
}

@misc{forte-dataset-05,
author={Davis, S. and Jacobson, A. and Suszcynsky, D. and Cai, M. and Eads, D.},
year={2005},
title={FORTE Time Series Dataset},
url={http://nis-www.lanl.gov/~eads/datasets/forte},
institution={Los Alamos National Laboratory}
}

@misc{frankasuncion2010,
author = {A. Frank and A. Asuncion},
year = {2010},
title = {{UCI} Machine Learning Repository},
url = {http://archive.ics.uci.edu/ml},
institution = {University of California, Irvine, School of Information and Computer Sciences}
}

@inproceedings{freire2009short,
title={Short-term memory mechanisms in neural network learning of robot navigation tasks: a case study},
author={Freire, A.L. and Barreto, G.A. and Veloso, M. and Varela, A.T.},
booktitle={Proceedings of the 6th Latin American Robotics Symposium (LARS2009)},
year={2009}
}

@article{frenkel2005treadmill,
  title={Treadmill walking as an external pacemaker to improve gait rhythm and stability in Parkinson's disease},
  author={Frenkel-Toledo, S. and Giladi, N. and Peretz, C. and Herman, T. and Gruendlinger, L. and Hausdorff, J.M.},
  journal={Movement disorders},
  volume={20},
  number={9},
  pages={1109--1114},
  year={2005},
  publisher={Wiley Online Library}
}

@article{goldberger2000physiobank,
  title={PhysioBank, PhysioToolkit, and PhysioNet: Components of a new research resource for complex physiologic signals},
  author={Goldberger, A.L. and Amaral, L.A.N. and Glass, L. and Hausdorff, J.M. and Ivanov, P.C. and Mark, R.G. and Mietus, J.E. and Moody, G.B. and Peng, C.K. and Stanley, H.E.},
  journal={Circulation},
  volume={101},
  number={23},
  pages={e215--e220},
  year={2000},
  publisher={Am Heart Assoc}
}

@article{greenwald1985estimating,
  title={Estimating confidence limits for arrhythmia detector performance},
  author={Greenwald, S.D. and Albrecht, P. and Moody, G.B. and Mark, R.G.},
  journal={Computers in Cardiology},
  volume={12},
  pages={383--386},
  year={1985}
}

@article{gudmundsson2012test,
  title={Test-retest reliability and feature selection in physiological time series classification},
  author={Gudmundsson, S. and Runarsson, T.P. and Sigurdsson, S.},
  journal={Computer Methods and Programs in Biomedicine},
  volume={105},
  number={1},
  pages={50--60},
  year={2012},
  publisher={Elsevier North-Holland, Inc.}
}

@article{guger2001rapid,
  title={Rapid prototyping of an EEG-based brain-computer interface (BCI)},
  author={Guger, C. and Schlogl, A. and Neuper, C. and Walterspacher, D. and Strein, T. and Pfurtscheller, G.},
  journal={Neural Systems and Rehabilitation Engineering, IEEE Transactions on},
  volume={9},
  number={1},
  pages={49--58},
  year={2001},
  publisher={IEEE}
}

@article{guger2005effects,
  title={Effects of a fast cable car ascent to an altitude of 2700 meters on EEG and ECG},
  author={Guger, C. and Domej, W. and Lindner, G. and Pfurtscheller, K. and Pfurtscheller, G. and Edlinger, G.},
  journal={Neuroscience letters},
  volume={377},
  number={1},
  pages={53--58},
  year={2005},
  publisher={Elsevier}
}

@inproceedings{hammami2009tree,
  title={Tree distribution classifier for automatic spoken Arabic digit recognition},
  author={Hammami, N. and Sellam, M.},
  booktitle={Internet Technology and Secured Transactions, 2009. ICITST 2009. International Conference for},
  pages={1--4},
  year={2009},
  organization={IEEE}
}

@inproceedings{hammami2010improved,
  title={Improved tree model for arabic speech recognition},
  author={Hammami, N. and Bedda, M.},
  booktitle={Computer Science and Information Technology (ICCSIT), 2010 3rd IEEE International Conference on},
  volume={5},
  pages={521--526},
  year={2010},
  organization={IEEE}
}

@article{healey2005detecting,
  title={Detecting stress during real-world driving tasks using physiological sensors},
  author={Healey, J.A. and Picard, R.W.},
  journal={Intelligent Transportation Systems, IEEE Transactions on},
  volume={6},
  number={2},
  pages={156--166},
  year={2005},
  publisher={IEEE}
}

@article{hoffmann2008efficient,
  title={An efficient P300-based brain-computer interface for disabled subjects},
  author={Hoffmann, U. and Vesin, J.M. and Ebrahimi, T. and Diserens, K.},
  journal={Journal of Neuroscience methods},
  volume={167},
  number={1},
  pages={115--125},
  year={2008},
  publisher={Elsevier}
}

@article{huttunenregularized,
  title={Regularized Logistic Regression for Mind Reading with Parallel Validation},
  author={Huttunen, H. and Kauppi, J.P. and Tohka, J.},
  journal={Proceedings of the ICANN'2011 conference},
  pages={20},
  year = {2011}
}

@article{ichimaru1999development,
  title={Development of the polysomnographic database on CD-ROM},
  author={Ichimaru, Y. and Moody, GB},
  journal={Psychiatry and Clinical Neurosciences},
  volume={53},
  number={2},
  pages={175--177},
  year={1999},
  publisher={Wiley Online Library}
}

@article{iyengar1996age,
  title={Age-related alterations in the fractal scaling of cardiac interbeat interval dynamics},
  author={Iyengar, N. and Peng, CK and Morin, R. and Goldberger, AL and Lipsitz, L.A.},
  journal={American Journal of Physiology-Regulatory, Integrative and Comparative Physiology},
  volume={271},
  number={4},
  pages={R1078--R1084},
  year={1996},
  publisher={Am Physiological Soc}
}

@misc {kadous1995grasp,
  author={Kadous, M.W.},
  title = {GRASP: Recognition of Australian sign language using instrumented gloves},
  organization = {Honours Thesis},
  year = {1995}
}

@phdthesis{kadous2002temporal,
  title={Temporal Classification: Extending the Classification Paradigm to Multivariate Time Series},
  author={Kadous, M.W.},
  year={2002},
  school={The University of New South Wales}
}

@article{kaluza2010agent,
  title={An agent-based approach to care in independent living},
  author={Kaluza, B. and Mirchevska, V. and Dovgan, E. and Lustrek, M. and Gams, M.},
  journal={Ambient Intelligence},
  pages={177--186},
  year={2010},
  publisher={Springer}
}

@article{kemp2000analysis,
  title={Analysis of a sleep-dependent neuronal feedback loop: the slow-wave microcontinuity of the EEG},
  author={Kemp, B. and Zwinderman, A.H. and Tuk, B. and Kamphuisen, H.A.C. and Oberye, J.J.L.},
  journal={Biomedical Engineering, IEEE Transactions on},
  volume={47},
  number={9},
  pages={1185--1194},
  year={2000},
  publisher={IEEE}
}

@article{klami2011icann,
  title={ICANN/PASCAL2 Challenge: MEG Mind-Reading Overview and Results},
  author={Klami, A. and Ramkumar, P. and Virtanen, S. and Parkkonen, L. and Hari, R. and Kaski, S.},
  journal={Proceedings of the ICANN 2011 Conference},
  pages={3},
  year={2011}
}

@misc{keoghUCR,
title={The UCR time series classification/clustering homepage},
author={Keogh, E. and Zhu, Q. and Hu, B. and Hao. Y. and  Xi, X. and Wei, L. and Ratanamahatana, C. A.},
howpublished={\url{http://www.cs.ucr.edu/~eamonn/time_series_data/}},
year={2011}
}

@article{krasteva2005assessment,
  title={Assessment of ECG frequency and morphology parameters for automatic classification of life-threatening cardiac arrhythmias},
  author={Krasteva, V. and Jekova, I.},
  journal={Physiological measurement},
  volume={26},
  pages={707},
  year={2005},
  publisher={IOP Publishing}
}

@article{kudo1999multidimensional,
  title={Multidimensional curve classification using passing-through regions},
  author={Kudo, M. and Toyama, J. and Shimbo, M.},
  journal={Pattern Recognition Letters},
  volume={20},
  number={11-13},
  pages={1103--1111},
  year={1999},
  publisher={Elsevier}
}

@article{lal2005methods,
  title={Methods towards invasive human brain computer interfaces},
  author={Lal, T.N. and Hinterberger, T. and Widman, G. and Schroder, M. and Hill, J. and Rosenstiel, W. and Elger, C. and Scholkopf, B. and Birbaumer, N.},
  journal={Advances in Neural Information Processing Systems (NIPS)},
  year={2005}
}

@article{lemm2004bci,
  title={BCI competition 2003-data set III: probabilistic modeling of sensorimotor mu rhythms for classification of imaginary hand movements},
  author={Lemm, S. and Schafer, C. and Curio, G.},
  journal={Biomedical Engineering, IEEE Transactions on},
  volume={51},
  number={6},
  pages={1077--1080},
  year={2004},
  publisher={IEEE}
}

@article{lee2012parkinson,
  title={Parkinson's disease classification using gait characteristics and wavelet-based feature extraction},
  author={Lee, S.H. and Lim, J.S.},
  journal={Expert Systems with Applications: An International Journal},
  volume={39},
  number={8},
  pages={7338--7344},
  year={2012}
}

@inproceedings{millan2004need,
  title={On the need for on-line learning in brain-computer interfaces},
  author={Millan, J. and others},
  booktitle={Neural Networks, 2004. Proceedings. 2004 IEEE International Joint Conference on},
  volume={4},
  pages={2877--2882},
  year={2004},
  organization={IEEE}
}

@article{misaki2010comparison,
  title={Comparison of multivariate classifiers and response normalizations for pattern-information fMRI},
  author={Misaki, M. and Kim, Y. and Bandettini, P.A. and Kriegeskorte, N.},
  journal={Neuroimage},
  volume={53},
  number={1},
  pages={103--118},
  year={2010},
  publisher={Elsevier}
}

@article{moody1984noise,
  title={A noise stress test for arrhythmia detectors},
  author={Moody, G.B. and Muldrow, W. and Mark, R.G.},
  journal={Computers in Cardiology},
  volume={11},
  number={3},
  pages={381--384},
  year={1984}
}

@inproceedings{moody1996database,
  title={A database to support development and evaluation of intelligent intensive care monitoring},
  author={Moody, G.B. and Mark, R.G.},
  booktitle={Computers in Cardiology 1996},
  pages={657--660},
  year={1996},
  organization={IEEE}
}

@inproceedings{moody2009predicting,
  title={Predicting acute hypotensive episodes: The 10th annual physionet/computers in cardiology challenge},
  author={Moody, G.B. and Lehman, LH},
  booktitle={Computers in Cardiology, 2009},
  pages={541--544},
  year={2009},
  organization={IEEE}
}

@article{nagasaka2011multidimensional,
title={Multidimensional Recording (MDR) and data sharing: An ecologocial open research and educational platform for Neuroscience},
author={Nagasaka, Y. and Shimoda, K. and Fujii, N.},
journal={PloS one},
volume={6},
number={7},
year={2011}
}

@inproceedings{penzel2000apnea,
  title={The apnea-ECG database},
  author={Penzel, T. and Moody, GB and Mark, RG and Goldberger, AL and Peter, JH},
  booktitle={Computers in Cardiology 2000},
  pages={255--258},
  year={2000},
  organization={IEEE}
}

@article{perina2009new,
  title={A new generative feature set based on entropy distance for discriminative classification},
  author={Perina, A. and Cristani, M. and Castellani, U. and Murino, V.},
  journal={Image Analysis and Processing--ICIAP 2009},
  pages={199--208},
  year={2009},
  publisher={Springer}
}

@article{prat2009template,
title={A template-based recognition system for on-line handwritten characters},
author={Prat, F. and Marzal, A. and Martin, S. and Ramos-Garuo, R. and Castro, M.J.},
journal={Journal of Information Science and Engineering},
volume={25},
number={3},
pages={779--791},
year={2009}
}

@article{quigguo2007feature,
  title={Feature combination for classifying single-trial ECoG during motor imagery of different sessions},
  author={Quigguo, W. and Fei, M. and Yijun, W. and Xiaorong, G. and Shangkai, G.},
  journal={Progress in natural science},
  volume={17},
  number={7},
  pages={851--858},
  year={2007}
}

@article{rakotomamonjy2008bci,
  title={BCI competition III: dataset II-ensemble of SVMs for BCI P300 speller},
  author={Rakotomamonjy, A. and Guigue, V.},
  journal={Biomedical Engineering, IEEE Transactions on},
  volume={55},
  number={3},
  pages={1147--1154},
  year={2008},
  publisher={IEEE}
}

@article{salzberg1997comparing,
  title={On comparing classifiers: Pitfalls to avoid and a recommended approach},
  author={Salzberg, S.L.},
  journal={Data Mining and knowledge discovery},
  volume={1},
  number={3},
  pages={317--328},
  year={1997},
  publisher={Springer}
}

@article{salzberg1999comparing,
  title={On comparing classifiers: A critique of current research and methods},
  author={Salzberg, S.L.},
  journal={Data mining and knowledge discovery},
  volume={1},
  number={1},
  year={1999},
  publisher={Citeseer}
}

@article{schalk2007decoding,
  title={Decoding two-dimensional movement trajectories using electrocorticographic signals in humans},
  author={Schalk, G. and Kubanek, J. and Miller, KJ and Anderson, NR and Leuthardt, EC and Ojemann, JG and Limbrick, D. and Moran, D. and Gerhardt, LA and Wolpaw, J.R.},
  journal={Journal of neural engineering},
  volume={4},
  pages={264},
  year={2007},
  publisher={IOP Publishing}
}

@inproceedings{schliebs2011reservoir,
  title={Reservoir-Based Evolving Spiking Neural Network for Spatio-temporal Pattern Recognition},
  author={Schliebs, S. and Hamed, H. and Kasabov, N.},
  booktitle={Neural Information Processing},
  pages={160--168},
  year={2011},
  organization={Springer}
}

@inproceedings{schmill1999learned,
  title={Learned models for continuous planning},
  author={Schmill, M. and Oates, T. and Cohen, P.},
  booktitle={Proceedings of Uncertainty},
  volume={99},
  pages={278--282},
  year={1999}
}

@article{Sigillito1989,
    author = {Sigillito, V. G. and Wing, S. P. and Hutton, L. V. and Baker, K. B.},
    citeulike-article-id = {5368434},
    journal = {Johns Hopkins APL Technical Digest},
    keywords = {dataset},
    pages = {262--266},
    posted-at = {2009-08-05 06:15:01},
    priority = {2},
    title = {{Classification of radar returns from the ionosphere using neural networks.}},
    year = {1989}
}

@misc{syn-lightning-emp-05,
author={Jeffery, C.},
year={2005},
title={Synthetic Lightning EMP Data},
url={http://nis-www.lanl.gov/~eads/datasets/emp},
institution={Los Alamos National Laboratory}
}

@article{tan2005mml,
title={MML inference of oblique decision trees},
author={Tan, P. and Dowe, D.},
journal={AI 2004: Advances in Artificial Intelligence},
pages={321--338},
year={2005},
publisher={Springer}
}

@inproceedings{theodoridis2007action,
  title={Action classification of 3d human models using dynamic anns for mobile robot surveillance},
  author={Theodoridis, T. and Hu, H.},
  booktitle={Robotics and Biomimetics, 2007. ROBIO 2007. IEEE International Conference on},
  pages={371--376},
  year={2007},
  organization={IEEE}
}

@inproceedings{theodoridis2011gaussian,
  title={A gaussian groundplan projection area model for evolving probabilistic classifiers},
  author={Theodoridis, T. and Agapitos, A. and Hu, H.},
  booktitle={Proceedings of the 13th annual conference on Genetic and evolutionary computation},
  pages={1339--1346},
  year={2011},
  organization={ACM}
}

@article{van2009attention,
  title={Attention modulations of posterior alpha as a control signal for two-dimensional brain-computer interfaces},
  author={Van Gerven, M. and Jensen, O.},
  journal={Journal of neuroscience methods},
  volume={179},
  number={1},
  pages={78--84},
  year={2009},
  publisher={Elsevier}
}

@article{wang2004bci,
  title={BCI competition 2003-data set IV: an algorithm based on CSSD and FDA for classifying single-trial EEG},
  author={Wang, Y. and Zhang, Z. and Li, Y. and Gao, X. and Gao, S. and Yang, F.},
  journal={Biomedical Engineering, IEEE Transactions on},
  volume={51},
  number={6},
  pages={1081--1086},
  year={2004},
  publisher={IEEE}
}

@article{welch91mgh,
 title={The Massachusetts General Hospital-Marquette Foundation Hemodynamic and Electrocardiographic Database -- Comprehensive collection of critical care waveforms},
author={Welch JP and Ford PJ and Teplick RS and Rubsamen RM},
journal={Journal of Clinical Monitoring},
volume={7},
pages={96--97},
year={1991}
}

@article{williams2006extracting,
  title={Extracting motion primitives from natural handwriting data},
  author={Williams, B. and Toussaint, M. and Storkey, A.},
  journal={Artificial Neural Networks--ICANN 2006},
  pages={634--643},
  year={2006},
  publisher={Springer}
}

@article{williams2008modelling,
  title={Modelling motion primitives and their timing in biologically executed movements},
  author={Williams, B. and Toussaint, M. and Storkey, A.},
  journal={Advances in Neural Information Processing Systems},
  volume={20},
  pages={1609--1616},
  year={2008}
}

@article{xia2012computer,
  title={Computer Algorithms for Evaluating the Quality of ECGs in Real Time},
  author={Xia, H. and Garcia, G.A. and McBride, J.C. and Sullivan, A. and De Bock, T. and Bains, J. and Wortham, D.C. and Zhao, X.},
  year={2012}
}

@inproceedings{zafar2006recognition,
  title={Recognition of online isolated handwritten characters by backpropagation neural nets using sub-character primitive features},
  author={Zafar, MF and Mohamad, D. and Anwar, MM},
  booktitle={Multitopic Conference, 2006. INMIC'06. IEEE},
  pages={157--162},
  year={2006},
  organization={IEEE}
}

@article{abu1995water,
  title={{Water resources planning in the middle east: application of the PROMETHEE V multicriteria method}},
  author={Abu-Taleb, M.F. and Mareschal, B.},
  journal={European Journal of Operational Research},
  volume={81},
  number={3},
  pages={500--511},
  issn={0377-2217},
  year={1995},
  publisher={Elsevier}
}

@article{athan1996note,
  title={{A note on weighted criteria methods for compromise solutions in multi-objective optimization}},
  author={Athan, T.W. and Papalambros, P.Y.},
  journal={Engineering Optimization},
  volume={27},
  number={2},
  pages={155--176},
  issn={0305-215X},
  year={1996},
  publisher={Taylor \& Francis}
}

@article{belacel2000multicriteria,
  title={{Multicriteria assignment method PROAFTN: Methodology and medical application}},
  author={Belacel, N.},
  journal={European Journal of Operational Research},
  volume={125},
  number={1},
  pages={175--183},
  issn={0377-2217},
  year={2000},
  publisher={Elsevier}
}

@article{belacel2001acute,
  title={{Acute leukemia diagnosis aid using multicriteria fuzzy assignment methodology}},
  author={Belacel, N. and Vincke, P. and Scheiff, JM and Boulassel, MR},
  journal={Computer methods and programs in biomedicine},
  volume={64},
  number={2},
  pages={145},
  issn={0169-2607},
  year={2001},
  publisher={Citeseer}
}

@article{belacel2001multicriteria,
  title={{Multicriteria fuzzy assignment method: a useful tool to assist medical diagnosis}},
  author={Belacel, N. and Boulassel, M.R.},
  journal={Artificial intelligence in medicine},
  volume={21},
  number={1-3},
  pages={201--207},
  issn={0933-3657},
  year={2001},
  publisher={Elsevier}
}

@book{belton2002multiple,
  title={{Multiple criteria decision analysis: an integrated approach}},
  author={Belton, V. and Stewart, T.J.},
  isbn={079237505X},
  year={2002},
  publisher={Springer}
}

@article{bhaskar2000applications,
  title={{Applications of multiobjective optimization in chemical engineering}},
  author={Bhaskar, V. and Gupta, S.K. and Ray, A.K.},
  journal={Reviews in Chemical Engineering},
  volume={16},
  number={1},
  pages={1--54},
  issn={0167-8299},
  year={2000},
  publisher={London: Freund Pub. House}
}

@book{chankong1983multiobjective,
  title={{Multiobjective decision making: theory and methodology}},
  author={Chankong, V. and Haimes, Y.Y.},
  isbn={0444007105},
  year={1983},
  publisher={North-Holland New York}
}

@article{das1997closer,
  title={{A closer look at drawbacks of minimizing weighted sums of objectives for Pareto set generation in multicriteria optimization problems}},
  author={Das, I. and Dennis, JE},
  journal={Structural and Multidisciplinary Optimization},
  volume={14},
  number={1},
  pages={63--69},
  issn={1615-147X},
  year={1997},
  publisher={Springer}
}

@article{edgeworth1881mathematical,
  title={{Mathematical psychics}},
  author={Edgeworth, F.Y.},
  journal={History of Economic Thought Books},
  year={1881},
  publisher={McMaster University Archive for the History of Economic Thought}
}

@article{ehrgott2000survey,
  title={A survey and annotated bibliography of multiobjective combinatorial optimization},
  author={Ehrgott, M. and Gandibleux, X.},
  journal={Or Spectrum},
  volume={22},
  number={4},
  pages={425--460},
  year={2000},
  publisher={Springer}
}

@book{ehrgott2005multicriteria,
  title={Multicriteria optimization},
  author={Ehrgott, M.},
  volume={491},
  year={2005},
  publisher={Springer Verlag}
}

@book{figueira2005multiple,
  title={{Multiple criteria decision analysis: state of the art surveys}},
  author={Figueira, J. and Greco, S. and Ehrgott, M.},
  isbn={038723067X},
  year={2005},
  publisher={Springer Verlag}
}

@inproceedings{fonseca2006improved,
  title={An improved dimension-sweep algorithm for the hypervolume indicator},
  author={Fonseca, C.M. and Paquete, L. and L{\'o}pez-Ib{\'a}nez, M.},
  booktitle={IEEE Congress on Evolutionary Computation (CEC'2006)},
  pages={1157--1163},
  year={2006}
}

@article{gomez2000multicriteria,
  title={{Multicriteria analysis of derived water demand functions: a Spanish case study}},
  author={G{\'o}mez-Lim{\'o}n, JA and Berbel, J.},
  journal={Agricultural Systems},
  volume={63},
  number={1},
  pages={49--72},
  issn={0308-521X},
  year={2000},
  publisher={Elsevier}
}

@article{haimes1971bicriterion,
  title={{On a bicriterion formulation of the problems of integrated system identification and system optimization}},
  author={Haimes, Y.Y. and Lasdon, LS and Wismer, DA},
  journal={IEEE Transactions on Systems, Man, and Cybernetics},
  volume={1},
  number={3},
  pages={296--297},
  year={1971}
}

@book{haimes1975multiobjective,
  title={{Multiobjective optimization in water resources systems: the surrogate worth trade-off method}},
  author={Haimes, Y.Y. and Hall, W.A. and Freedman, H.T.},
  isbn={0444413138},
  year={1975},
  publisher={Elsevier Science \& Technology}
}

@article{hajkowicz2008comparison,
  title={{A comparison of multiple criteria analysis techniques for water resource management}},
  author={Hajkowicz, S. and Higgins, A.},
  journal={European Journal of Operational Research},
  volume={184},
  number={1},
  pages={255--265},
  issn={0377-2217},
  year={2008},
  publisher={Elsevier}
}

@article{hallefjord1986entropy,
  title={{An entropy target-point approach to multiobjective programming}},
  author={Hallefjord, {\AA}. and J{\\"o}rnsten, K.},
  journal={International Journal of Systems Science},
  volume={17},
  number={4},
  pages={639--653},
  issn={0020-7721},
  year={1986},
  publisher={Taylor \& Francis}
}

@article{hayashi2000multicriteria,
  title={{Multicriteria analysis for agricultural resource management : a critical survey and future perspectives}},
  author={Hayashi, K.},
  journal={European Journal of Operational Research},
  volume={122},
  number={2},
  pages={486--500},
  issn={0377-2217},
  year={2000},
  publisher={Elsevier Science Publishing Company, Inc.}
}

@article{howard1991critical,
  title={{A critical look at multiple criteria decision making techniques with reference to forestry applications}},
  author={Howard, A.F.},
  journal={Canadian Journal of Forest Research},
  volume={21},
  number={11},
  pages={1649--1659},
  issn={1208-6037},
  year={1991},
  publisher={NRC Research Press}
}

@book{hwang1981multiple,
  title={{Multiple attribute decision making: methods and applications: a state-of-the-art survey}},
  author={Hwang, C.L. and Yoon, K.},
  volume={13},
  year={1981},
  publisher={Springer-Verlag New York}
}

@article{kiker2005application,
  title={{Application of multicriteria decision analysis in environmental decision making}},
  author={Kiker, G.A. and Bridges, T.S. and Varghese, A. and Seager, T.P. and Linkov, I.},
  journal={Integrated Environmental Assessment and Management},
  volume={1},
  number={2},
  pages={95--108},
  issn={1551-3793},
  year={2005},
  publisher={Wiley Online Library}
}

@article{mardle1999review,
  title={{A review of applications of multiple-criteria decision-making techniques to fisheries}},
  author={Mardle, S. and Pascoe, S.},
  journal={Marine Resource Economics},
  volume={14},
  pages={41--64},
  issn={0738-1360},
  year={1999},
  publisher={Citeseer}
}

@article{marler2004survey,
  title={{Survey of multi-objective optimization methods for engineering}},
  author={Marler, R.T. and Arora, J.S.},
  journal={Structural and multidisciplinary optimization},
  volume={26},
  number={6},
  pages={369--395},
  issn={1615-147X},
  year={2004},
  publisher={Springer}
}

@article{mendoza2006multi,
  title={{Multi-criteria decision analysis in natural resource management: a critical review of methods and new modelling paradigms}},
  author={Mendoza, GA and Martins, H.},
  journal={Forest Ecology and Management},
  volume={230},
  number={1-3},
  pages={1--22},
  issn={0378-1127},
  year={2006},
  publisher={Elsevier}
}

@article{messac2000ability,
  title={{Ability of objective functions to generate points on nonconvex Pareto frontiers}},
  author={Messac, A. and Sundararaj, G.J. and Tappeta, R.V. and Renaud, J.E.},
  journal={AIAA journal},
  volume={38},
  number={6},
  pages={1084--1091},
  issn={0001-1452},
  year={2000}
}

@article{osyczka1978approach,
  title={{An approach to multicriterion optimization problems for engineering design}},
  author={Osyczka, A.},
  journal={Computer Methods in Applied Mechanics and Engineering},
  volume={15},
  number={3},
  pages={309--333},
  issn={0045-7825},
  year={1978},
  publisher={Elsevier}
}

@article{osyczka1984multicriterion,
  title={{Multicriterion optimization in engineering with FORTRAN programs.}},
  author={Osyczka, A.},
  journal={John Wiley \& Sons, Inc.},
  year={1984}
}

@conference{okabe2004critical,
  title={{A critical survey of performance indices for multi-objective optimisation}},
  author={Okabe, T. and Jin, Y. and Sendhoff, B.},
  booktitle={Evolutionary Computation, 2003. CEC'03. The 2003 Congress on},
  volume={2},
  pages={878--885},
  isbn={0780378040},
  year={2004},
  organization={IEEE}
}

@article{pareto1896cours,
  title={{Cours d'Economie Politique, volume I and II}},
  author={Pareto, V.},
  journal={F. Rouge, Lausanne},
  volume={250},
  year={1896}
}

@book{pareto1906manuale,
  title={{Manuale di economia politica}},
  author={Pareto, V.},
  year={1906},
  publisher={Societa Editrice}
}

@article{perny1998multicriteria,
  title={{Multicriteria filtering methods based on concordance and non-discordance principles}},
  author={Perny, P.},
  journal={Annals of Operations Research},
  volume={80},
  pages={137--165},
  issn={0254-5330},
  year={1998},
  publisher={Springer}
}

@article{proos2001multicriterion,
  title={{Multicriterion evolutionary structural optimization using the weighting and the global criterion methods}},
  author={Proos, KA and Steven, GP and Querin, OM and Xie, YM},
  journal={AIAA journal},
  volume={39},
  number={10},
  pages={2006--2012},
  issn={0001-1452},
  year={2001}
}

@article{rahimi2007web,
  title={{A web-based high-performance multicriteria decision support system for medical diagnosis}},
  author={Rahimi, S. and Gandy, L. and Mogharreban, N.},
  journal={International Journal of Intelligent Systems},
  volume={22},
  number={10},
  pages={1083--1099},
  issn={1098-111X},
  year={2007},
  publisher={John Wiley \& Sons}
}

@article{ravi2000multiobjective,
  title={{Multiobjective optimization of cyclone separators using genetic algorithm}},
  author={Ravi, G. and Gupta, S.K. and Ray, MB},
  journal={Ind. Eng. Chem. Res},
  volume={39},
  number={11},
  pages={4272--4286},
  year={2000},
  publisher={ACS Publications}
}

@article{rehman1993application,
  title={{The application of the MCDM paradigm to the management of agricultural systems: some basic considerations}},
  author={Rehman, T. and Romero, C.},
  journal={Agricultural Systems},
  volume={41},
  number={3},
  pages={239--255},
  issn={0308-521X},
  year={1993},
  publisher={Elsevier}
}

@article{romero1987natural,
  title={{Natural resource management and the use of multiple criteria decision-making techniques: A review}},
  author={Romero, C. and Rehman, T.},
  journal={European Review of Agricultural Economics},
  volume={14},
  number={1},
  pages={61},
  issn={0165-1587},
  year={1987},
  publisher={Oxford Univ Press}
}

@article{saaty1977scaling,
  title={{A scaling method for priorities in hierarchical structures}},
  author={Saaty, T.L.},
  journal={Journal of mathematical psychology},
  volume={15},
  number={3},
  pages={234--281},
  issn={0022-2496},
  year={1977},
  publisher={Elsevier}
}

@article{seibert2000multi,
  title={{Multi-criteria calibration of a conceptual runoff model using a genetic algorithm}},
  author={Seibert, J.},
  journal={Hydrology and Earth System Sciences},
  volume={4},
  number={2},
  pages={215--224},
  year={2000}
}

@article{seinfeld1970optimization,
  title={{Optimization with multiple performance criteria}},
  author={Seinfeld, J. and McBride, W.},
  journal={Ind. Eng. Chem. Process Des. Develop},
  volume={9},
  number={1},
  pages={53--57},
  year={1970}
}

@article{steuer1983interactive,
  title={{An interactive weighted Tchebycheff procedure for multiple objective programming}},
  author={Steuer, R.E. and Choo, E.U.},
  journal={Mathematical Programming},
  volume={26},
  number={3},
  pages={326--344},
  issn={0025-5610},
  year={1983},
  publisher={Springer}
}

@article{takama1981multi,
  title={{Multi-level, multi-objective optimization in process engineering}},
  author={Takama, N. and Umeda, T.},
  journal={Chemical Engineering Science},
  volume={36},
  number={1},
  pages={129--136},
  issn={0009-2509},
  year={1981},
  publisher={Elsevier}
}

@article{tind1999augmented,
  title={{Augmented Lagrangian and Tchebycheff approaches in multiple objective programming}},
  author={Tind, J. and Wiecek, M.M.},
  journal={Journal of Global Optimization},
  volume={14},
  number={3},
  pages={251--266},
  issn={0925-5001},
  year={1999},
  publisher={Springer}
}

@article{tsoukas1982multiobjective,
  title={{Multiobjective dynamic optimization of semibatch copolymerization reactors}},
  author={Tsoukas, A. and Tirrell, M. and Stephanopoulos, G.},
  journal={Chemical Engineering Science},
  volume={37},
  number={12},
  pages={1785--1795},
  issn={0009-2509},
  year={1982},
  publisher={Elsevier}
}

@book{vincent1981optimality,
  title={{Optimality in parametric systems}},
  author={Vincent, T.L. and Grantham, W.J.},
  isbn={0471083070},
  year={1981},
  publisher={John Wiley \& Sons}
}

@article{wierzbicki1982mathematical,
  title={{A mathematical basis for satisficing decision making}},
  author={Wierzbicki, A.P.},
  journal={Mathematical modelling},
  volume={3},
  number={5},
  pages={391--405},
  issn={0270-0255},
  year={1982},
  publisher={Elsevier}
}

@article{yapo1998multi,
  title={{Multi-objective global optimization for hydrologic models}},
  author={Yapo, P.O. and Gupta, H.V. and Sorooshian, S.},
  journal={Journal of hydrology},
  volume={204},
  number={1-4},
  pages={83--97},
  issn={0022-1694},
  year={1998},
  publisher={Elsevier}
}

@article{yu1974compromise,
  title={{Compromise solutions, domination structures, and Salukvadze's solution}},
  author={Yu, PL and Leitmann, G.},
  journal={Journal of Optimization Theory and Applications},
  volume={13},
  number={3},
  pages={362--378},
  issn={0022-3239},
  year={1974},
  publisher={Springer}
}

@article{yuen2000multi,
  title={{Multi-objective optimization of membrane separation modules using genetic algorithm}},
  author={Yuen, CC and Gupta, SK and Ray, AK},
  journal={Journal of Membrane Science},
  volume={176},
  number={2},
  pages={177--196},
  issn={0376-7388},
  year={2000},
  publisher={Elsevier}
}

@article{zhang2009rough,
  title={{A rough set-based multiple criteria linear programming approach for the medical diagnosis and prognosis}},
  author={Zhang, Z. and Shi, Y. and Gao, G.},
  journal={Expert Systems with Applications},
  volume={36},
  number={5},
  pages={8932--8937},
  issn={0957-4174},
  year={2009},
  publisher={Elsevier}
}

@article{zitzler2003performance,
  title={Performance assessment of multiobjective optimizers: An analysis and review},
  author={Zitzler, E. and Thiele, L. and Laumanns, M. and Fonseca, C.M. and da Fonseca, V.G.},
  journal={Evolutionary Computation, IEEE Transactions on},
  volume={7},
  number={2},
  pages={117--132},
  year={2003},
  publisher={IEEE}
}

%% This BibTeX bibliography file was created using BibDesk.
%% http://bibdesk.sourceforge.net/


%% Created for Philippe ESLING at 2010-03-02 13:58:17 +0100 


%% Saved with string encoding Unicode (UTF-8) 


@inproceedings{abonyi2003fuzzy,
  title={Fuzzy Clustering Based Segmentation of Time-Series},
  author={Abonyi, J. and Fell, B. and Nemeth, S. and Arva, P.},
  booktitle={Proceedings of the 5th International Symposium on Intelligent Data Analysis, IDA 2003, August 28-30},
  address={Berlin, Germany},
  pages={275--285},
  year={2003},
  publisher={Springer-Verlag, New York Inc}
}

@conference{adamek2003efficient,
  title={{Efficient contour-based shape representation and matching}},
  author={Adamek, T. and O'Connor, N.},
  booktitle={Proceedings of the 5th ACM SIGMM international workshop on Multimedia information retrieval},
  pages={138--143},
  year={2003},
  organization={ACM},
  address={Berkeley, CA, USA}
}
	
@conference{agrawal1993efficient,
  title={{Efficient Similarity Search In Sequence Databases}},
  author={Agrawal, R. and Faloutsos, C. and Swami, A.N.},
  booktitle={Proceedings of the 4th International Conference on Foundations of Data Organization and Algorithms},
  address={Chicago, Illinois, USA},
  pages={69--84},
  year={1993},
  publisher={Springer}
}

@article{agrawal1993mining,
  title={{Mining association rules between sets of items in large databases}},
  author={Agrawal, R. and Imielinski, T. and Swami, A.},
  journal={ACM SIGMOD Record},
  volume={22},
  number={2},
  pages={207--216},
  year={1993},
  publisher={ACM}
}

@conference{agrawal1994fast,
  title={{Fast algorithms for mining association rules in large databases}},
  author={Agrawal, R. and Srikant, R.},
  booktitle={Proceedings of the 20th International Conference on Very Large Data Bases},
  pages={487--499},
  year={1994},
  organization={Morgan Kaufmann Publishers Inc.}
}

@inproceedings{agrawal1995fast,
 author = {Agrawal, Rakesh and Lin, King-Ip and Sawhney, Harpreet S. and Shim, Kyuseok},
 title = {Fast Similarity Search in the Presence of Noise, Scaling, and Translation in Time-Series Databases},
 booktitle = {VLDB '95: Proceedings of the 21th International Conference on Very Large Data Bases},
 year = {1995},
 isbn = {1-55860-379-4},
 pages = {490--501},
 publisher = {Morgan Kaufmann Publishers Inc.},
 address = {San Francisco, CA, USA}
 }

@conference{ahmed2007machine,
  title={{Machine learning approaches to network anomaly detection}},
  author={Ahmed, T. and Oreshkin, B. and Coates, M.},
  booktitle={Proceedings of the 2nd USENIX workshop on Tackling computer systems problems with machine learning techniques},
  pages={1--6},
  address={Cambridge, MA, USA},
  year={2007},
  organization={USENIX Association}
}

@article{ahmed2009empirical,
  title={{An empirical comparison of machine learning models for time series forecasting}},
  author={Ahmed, N.K. and Atiya, A.F. and El Gayar, N. and El-Shishiny, H. and Giza, E.},
  journal={Econometric Reviews},
  year={2009},
  pages={594--621},
  volume={29},
  number={5}
}

@article{aigner2007visualizing,
  title={{Visualizing time-oriented data--A systematic view}},
  author={Aigner, W. and Miksch, S. and M{\"u}ller, W. and Schumann, H. and Tominski, C.},
  journal={Computers \& Graphics},
  volume={31},
  number={3},
  pages={401--409},
  year={2007},
  publisher={Elsevier}
}

@article{aigner2007visual,
  title={{Visual methods for analyzing time-oriented data}},
  author={Aigner, W. and Miksch, S. and M{\"u}ller, W. and Schumann, H. and Tominski, C.},
  journal={IEEE Transactions on Visualization and Computer Graphics},
  pages={47--60},
  volume={14},
  number={1},
  year={2007},
  publisher={IEEE Computer Society}
}

@article{an2003grid,
  title={{Grid-based indexing for large time series databases}},
  author={An, J. and Chen, H. and Furuse, K. and Ohbo, N. and Keogh, E.},
  journal={Intelligent Data Engineering and Automated Learning, Lecture Notes in Computer Science},
  volume={1983},
  number={1},
  pages={614--621},
  publisher={Springer},
  year={2003}
}

@article{anderson2009oscillatory,
  title={{Oscillatory fluctuations in the incidence of infectious disease and the impact of vaccination: time series analysis}},
  author={Anderson, RM and Grenfell, BT and May, RM},
  journal={Epidemiology and Infection},
  volume={93},
  number={03},
  pages={587--608},
  year={2009},
  publisher={Cambridge University Press}
}
	
@conference{antunes2001temporal,
  title={{Temporal data mining: An overview}},
  author={Antunes, C.M. and Oliveira, A.L.},
  booktitle={KDD Workshop on Temporal Data Mining},
  pages={1--13},
  year={2001},
 address = {San Francisco, CA, USA}
}

@conference{argyros2003efficient,
  title={{Efficient subsequence matching in time series databases under time and amplitude transformations}},
  author={Argyros, T. and Ermopoulos, C.},
  booktitle={3rd IEEE International Conference on Data Mining},
  pages={481--484},
  year={2003}
}

@article{aris2005representing,
  title={{Representing unevenly-spaced time series data for visualization and interactive exploration}},
  author={Aris, A. and Shneiderman, B. and Plaisant, C. and Shmueli, G. and Jank, W.},
  journal={Proceedings of Human-Computer Interaction - INTERACT 2005},
  pages={835--846},
  year={2005},
  publisher={Springer}
}
	
@conference{assent2008ts,
  title={{The TS-tree: efficient time series search and retrieval}},
  author={Assent, I. and Krieger, R. and Afschari, F. and Seidl, T.},
  booktitle={Proceedings of the 11th International Conference on Extending Database Technology},
  pages={25--29},
  year={2008}}
   
@article{assent2009anticipatory,
  title={{Anticipatory DTW for efficient similarity search in time series databases}},
  author={Assent, I. and Wichterich, M. and Krieger, R. and Kremer, H. and Seidl, T.},
  journal={Proceedings of the VLDB Endowment},
  volume={2},
  number={1},
  pages={826--837},
  year={2009},
  publisher={VLDB Endowment}
}
@inproceedings{assfalg2006similarity,
  title={Similarity Search on Time Series Based on Threshold Queries},
  author={A{\upshape{\ss}}falg, J. and Kriegel, H.P. and Kroger, P. and Kunath, P. and Pryakhin, A. and Renz, M.},
  booktitle={Advances in database technology: EDBT 2006: 10th International Conference on Extending Database Technology, March 26-31},
  volume={3896},
  address={Munich, Germany},
  pages={276},
  year={2006},
  organization={Springer-Verlag New York Inc}
}

@conference{assfalg2008similarity,
  title={{Similarity search in multimedia time series data using amplitude-level features}},
  author={A{\upshape{\ss}}falg, J. and Kriegel, H.P. and Kr{\"o}ger, P. and Kunath, P. and Pryakhin, A. and Renz, M.},
  booktitle={Proceedings of the 14th international conference on Advances in multimedia modeling},
  pages={123--133},
  year={2008},
  organization={Springer-Verlag}
}

@conference{assfalg2009probabilistic,
  title={{Probabilistic Similarity Search for Uncertain Time Series}},
  author={A{\upshape{\ss}}falg, J. and Kriegel, H.P. and Kr{\"o}ger, P. and Renz, M.},
  booktitle={Scientific and Statistical Database Management},
  pages={435--443},
  year={2009},
  organization={Springer}
}

@article{bayer1972organization,
  title={{Organization and maintenance of large ordered indexes}},
  author={Bayer, R. and McCreight, EM},
  journal={Acta informatica},
  volume={1},
  number={3},
  pages={173--189},
  year={1972},
  publisher={Springer}
}

@conference{bagnall2003clustering,
  title={{Clustering time series from mixture polynomial models with discretised data}},
  author={Bagnall, AJ and Janacek, G. and De la Iglesia, B. and Zhang, M.},
  booktitle={Proceedings of the 2nd Australasian Data Mining Workshop},
  pages={105--120},
  year={2003}
}

@article{bagnall2005clustering,
  title={{Clustering time series with clipped data}},
  author={Bagnall, A. and Janacek, G.},
  journal={Machine Learning},
  volume={58},
  number={2},
  pages={151--178},
  year={2005},
  publisher={Springer}
}

@article{bagnall2006bit,
  title={{A bit level representation for time series data mining with shape based similarity}},
  author={Bagnall, A. and Ratanamahatana, C.A. and Keogh, E. and Lonardi, S. and Janacek, G.},
  journal={Data mining and knowledge discovery},
  volume={13},
  number={1},
  pages={11--40},
  year={2006},
  publisher={Springer}
}

@article{bai2008forecasting,
  title={{Forecasting economic time series using targeted predictors}},
  author={Bai, J. and Ng, S.},
  journal={Journal of Econometrics},
  volume={146},
  number={2},
  pages={304--317},
  year={2008},
  publisher={Elsevier}
}

@article{bakshi1994representation,
  title={{Representation of process trends--IV. Induction of real-time patterns from operating data for diagnosis and supervisory control}},
  author={Bakshi, BR and Stephanopoulos, G.},
  journal={Computers \& Chemical Engineering},
  volume={18},
  number={4},
  pages={303--332},
  year={1994},
  publisher={Elsevier}
}

@article{bakshi1995reasoning,
  title={{Reasoning in time: Modeling, analysis, and pattern recognition of temporal process trends}},
  author={Bakshi, B.R. and Stephanopoulos, G.},
  journal={Advances in Chemical Engineering},
  volume={22},
  pages={485--548},
  year={1995},
  publisher={Elsevier}
}

@article{bandera2009fast,
  title={{Fast gesture recognition based on a two-level representation}},
  author={Bandera, JP and Marfil, R. and Bandera, A. and Rodr{\'\i}guez, JA and Molina-Tanco, L. and Sandoval, F.},
  journal={Pattern Recognition Letters},
  volume={30},
  number={13},
  pages={1181--1189},
  year={2009},
  publisher={Elsevier}
}

@article{barone2009segmentation,
  title={{Segmentation, Classification and Denoising of a Time Series Field by a Variational Method}},
  author={Barone, P. and Carfora, M.F. and March, R.},
  journal={Journal of Mathematical Imaging and Vision},
  volume={34},
  number={2},
  pages={152--164},
  year={2009},
  publisher={Springer}
}

@article{barreto2007time,
  title={{Time Series Prediction with the Self-Organizing Map: A Review}},
  author={Barreto, G.A.},
  journal={Perspectives of neural-symbolic integration},
  volume={77},
  number={1},
  pages={135--158},
  year={2007},
  publisher={Springer Verlag}
}
@article{bartolini2005warp,
  title={{Warp: Accurate retrieval of shapes using phase of fourier descriptors and time warping distance}},
  author={Bartolini, I. and Ciaccia, P. and Patella, M.},
  journal={IEEE Transactions on Pattern Analysis and Machine Intelligence},
  volume={27},
  number={1},
  pages={142--147},
  year={2005}
}

@article{batyrshin2007towards,
title={{Towards perception based time series data mining}},
author={Batyrshin, I. and Sheremetov, L.},
journal={Forging New Frontiers: Fuzzy Pioneers I}, pages={217--230},
year={2007},
publisher={Springer} }

@article{baumgarten2000user,
  title={{User-driven navigation pattern discovery from internet data}},
  author={Baumgarten, M. and Buchner, A. and Anand, S. and Mulvenna, M. and Hughes, J.},
  journal={Lecture Notes In Computer Science},
  volume={1836},
  pages={74--91},
  year={2000},
  publisher={Springer}
}

@article{bayer1977prefix,
  title={{Prefix B-trees}},
  author={Bayer, R. and Unterauer, K.},
  journal={ACM Transactions on Database Systems (TODS)},
  volume={2},
  number={1},
  pages={11--26},
  year={1977},
  publisher={ACM}
}

@article{beckmann1990r,
  title={{The R*-tree: an efficient and robust access method for points and rectangles}},
  author={Beckmann, N. and Kriegel, H.P. and Schneider, R. and Seeger, B.},
  journal={ACM SIGMOD Record},
  volume={19},
  number={2},
  pages={322--331},
  year={1990},
  publisher={ACM}
}

@article{belongie2002shape,
  title={{Shape matching and object recognition using shape contexts}},
  author={Belongie, S. and Malik, J. and Puzicha, J.},
  journal={IEEE Transactions on Pattern Analysis and Machine Intelligence},
  volume={24},
  number={4},
  pages={509--522},
  year={2002},
  publisher={IEEE Computer Society}
}

@conference{berchtold2000independent,
  title={{Independent quantization: an index compression technique for high-dimensional data spaces}},
  author={Berchtold, S. and Bohm, C. and Jagadish, HV and Kriegel, H.P. and Sander, J.},
  booktitle={Data Engineering, 2000. Proceedings. 16th International Conference on},
  pages={577--588},
  year={2000}
}

@article{berchtold2002xTree,
  title={{The X-tree: An index structure for high-dimensional data}},
  author={Berchtold, S. and Keim, D.A. and Kriegel, H.P.},
  journal={Readings in multimedia computing and networking},
  volume={4},
  number={1},
  pages={451--463},
  year={2002},
  publisher={Morgan Kaufmann Pub}
}

@article{berkhin2006survey,
  title={{A survey of clustering data mining techniques}},
  author={Berkhin, P.},
  journal={Grouping Multidimensional Data},
  pages={25--71},
  year={2006},
  publisher={Springer}
}

@conference{berndt1994using,
  title={{Using dynamic time warping to find patterns in time series}},
  author={Berndt, D. and Clifford, J.},
  booktitle={AAAI-94 workshop on knowledge discovery in databases},
  pages={229--248},
  year={1994}
}

@conference{berndt1996finding,
  title={{Finding patterns in time series: a dynamic programming approach}},
  author={Berndt, D.J. and Clifford, J.},
  booktitle={Proceedings of Advances in knowledge discovery and data mining},
  pages={229--248},
  year={1996},
  organization={American Association for Artificial Intelligence}
}

@article{berretti2000retrieval,
  title={{Retrieval by shape similarity with perceptual distance and effective indexing}},
  author={Berretti, S. and Del Bimbo, A. and Pala, P.},
  journal={IEEE Transactions on multimedia},
  volume={2},
  number={4},
  pages={225--239},
  year={2000}
}

@conference{beyer1999nearest,
  title={{When is nearest neighbor meaningful ?}},
  author={Beyer, K. and Goldstein, J. and Ramakrishnan, R. and Shaft, U.},
  journal={Proceedings of Database Theory - ICDT99},
  pages={217--235},
  year={1999},
  publisher={Springer}
}

@conference{bhargava2003energy,
  title={{Energy consumption in data analysis for on-board and distributed applications}},
  author={Bhargava, R. and Kargupta, H. and Powers, M.},
  booktitle={Proceedings of the ICML},
  volume={3},
  year={2003}
}

@article{bicego2003similarity,
  title={{Similarity-based clustering of sequences using hidden Markov models}},
  author={Bicego, M. and Murino, V. and Figueiredo, M.},
  journal={Lecture Notes in Computer Science},
  volume={2743},
  pages={95--104},
  year={2003},
  publisher={Springer}
}

@article{bohm2001searching,
  title={{Searching in high-dimensional spaces: Index structures for improving the performance of multimedia databases}},
  author={Bohm, C. and Berchtold, S. and Keim, D.A.},
  journal={ACM Computing Surveys},
  volume={33},
  number={3},
  pages={322--373},
  year={2001},
  publisher={ACM}
}

@conference{bollobas1997time,
  title={{Time-series similarity problems and well-separated geometric sets}},
  author={Bollobas, B. and Das, G. and Gunopulos, D. and Mannila, H.},
  booktitle={Proceedings of the 13th symposium on computational geometry},
  pages={454--456},
  year={1997}
}

@book{box1976time,
  title={{Time series analysis: forecasting and control}},
  author={Box, G.E.P. and Jenkins, G.M. and Reinsel, G.C.},
  year={1976},
  publisher={Holden-day San Francisco}
}

@conference{boyd1998trend,
  title={{TREND: a system for generating intelligent descriptions of time series data}},
  author={Boyd, S.},
  booktitle={Proceedings of the IEEE International Conference on Intelligent Processing Systems (ICIPS-1998)},
  year={1998}
}

@book{brockwell2002introduction,
  title={{Introduction to time series and forecasting}},
  author={Brockwell, P.J. and Davis, R.A.},
  year={2002},
  publisher={Springer Verlag}
}

@book{brockwell2009time,
  title={{Time series: theory and methods}},
  author={Brockwell, P.J. and Davis, R.A.},
  isbn={1441903194},
  year={2009},
  publisher={Springer Verlag}
}

@article{buhler2002finding,
  title={{Finding motifs using random projections}},
  author={Buhler, J. and Tompa, M.},
  journal={Journal of computational biology},
  volume={9},
  number={2},
  pages={225--242},
  issn={1066-5277},
  year={2002},
  publisher={Mary Ann Liebert, Inc.}
}

@conference{buono2005interactive,
  title={{Interactive pattern search in time series}},
  author={Buono, P. and Aris, A. and Plaisant, C. and Khella, A. and Shneiderman, B.},
  booktitle={Proceedings of the SPIE},
  volume={5669},
  pages={175--186},
  year={2005}
}

@article{burkom2007automated,
  title={{Automated time series forecasting for biosurveillance}},
  author={Burkom, H.S. and Murphy, S.P. and Shmueli, G.},
  journal={Statistics in Medicine},
  volume={26},
  number={22},
  pages={4202--4218},
  year={2007},
  publisher={John Wiley \& Sons}
}
	
@conference{cai2004indexing,
  title={{Indexing spatio-temporal trajectories with Chebyshev polynomials}},
  author={Cai, Y. and Ng, R.},
  booktitle={Proceedings of the 2004 ACM SIGMOD international conference on Management of data},
  pages={599--610},
  year={2004},
  address={Paris, France},
  organization={ACM}
}

@article{cao2009feature,
  title={{Feature selection for support vector machines in financial time series forecasting}},
  author={Cao, L. and Tay, F.},
  journal={Intelligent Data Engineering and Automated Learning. Lecture Notes in Computer Science},
  volume={1983},
  pages={41--65},
  year={2009},
  publisher={Springer}
}

@inproceedings{chan99efficient,
	Address = {Sydney, Australia},
	Author = {Chan, K and Fu, AW},
	Booktitle = {Proceedings of the 15th IEEE International conference on data engineering},
	Pages = {126 -- 133},
	Title = {Efficient time series matching by wavelets},
	Year = {1999}
}

@article{chan2003haar,
  title={{Haar wavelets for efficient similarity search of time-series: with and without time warping}},
  author={Chan, F.K.P. and Fu, A.W.C. and Yu, C.},
  journal={IEEE Transactions on knowledge and data engineering},
  volume={15},
  number={3},
  pages={686--705},
  year={2003}
}

@conference{chappelier1996kohonen,
  title={{A Kohonen map for temporal sequences}},
  author={Chappelier, JC and Grumbach, A.},
  booktitle={Proceedings of the Conference on Neural Networks and Their Applications.},
  pages={104--110},
  year={1996}
}

@conference{chakrabarti1999hybrid,
  title={{The hybrid tree: an index structure for high dimensional feature spaces}},
  author={Chakrabarti, K. and Mehrotra, S.},
  booktitle={Data Engineering, 1999. Proceedings., 15th International Conference on},
  pages={440--447},
  year={1999}
}

@article{chandola2009anomaly,
  title={{Anomaly detection: A survey}},
  author={Chandola, V. and Banerjee, A. and Kumar, V.},
  journal={ACM Computing Surveys},
  volume={41},
  number={3},
  pages={15},
  year={2009},
  publisher={ACM}
}

@conference{chen2000compression,
  title={{A compression algorithm for DNA sequences and its applications in genome comparison}},
  author={Chen, X. and Kwong, S. and Li, M.},
  booktitle={Proceedings of the fourth annual international conference on Computational molecular biology},
  pages={107},
  year={2000}
}

@conference{chen2004marriage,
  title={{On the marriage of Lp-norms and edit distance}},
  author={Chen, L. and Ng, R.},
  booktitle={Proceedings of the Thirtieth international conference on Very large data bases-Volume 30},
  pages={792--803},
  year={2004},
  organization={VLDB Endowment}
}

@conference{chen2005robust,
  title={{Robust and fast similarity search for moving object trajectories}},
  author={Chen, L. and Ozsu, M.T. and Oria, V.},
  booktitle={Proceedings of the 2005 ACM SIGMOD international conference on Management of data},
  pages={491--502},
  year={2005},
  address={Baltimore, Maryland, USA},
  organization={ACM}
}

@article{chen2005time,
  title={{Time-series forecasting using flexible neural tree model}},
  author={Chen, Y. and Yang, B. and Dong, J. and Abraham, A.},
  journal={Information sciences},
  volume={174},
  number={3-4},
  pages={219--235},
  year={2005},
  publisher={Elsevier}
}

@conference{chen2007indexable,
  title={{Indexable PLA for efficient similarity search}},
  author={Chen, Q. and Chen, L. and Lian, X. and Liu, Y. and Yu, J.X.},
  booktitle={Proceedings of the 33rd international conference on Very large data bases},
  pages={435--446},
  year={2007},
  organization={VLDB Endowment}
}

@conference{chen2007spade,
  title={{Spade: On shape-based pattern detection in streaming time series}},
  author={Chen, Y. and Nascimento, MA and Ooi, B.C. and Tung, AKH},
  booktitle={IEEE 23rd International Conference on Data Engineering, 2007},
  pages={786--795},
  year={2007}
}
	
@article{chen2008multi,
  title={{Multi-scale anomaly detection algorithm based on infrequent pattern of time series}},
  author={Chen, X. and Zhan, Y.},
  journal={Journal of Computational and Applied Mathematics},
  volume={214},
  number={1},
  pages={227--237},
  year={2008},
  publisher={Elsevier}
}

@article{chhieng2010adaptive,
  title={{Adaptive distance measurement for time series databases}},
  author={Chhieng, V. and Wong, R.},
  journal={Lecture Notes in Computer Science},
  volume={4443},
  pages={598--610},
  year={2010},
  publisher={Springer}
}

@conference{chiu2003probabilistic,
  title={{Probabilistic discovery of time series motifs}},
  author={Chiu, B. and Keogh, E. and Lonardi, S.},
  booktitle={Proceedings of the ninth ACM SIGKDD international conference on Knowledge discovery and data mining},
  pages={493--498},
  address={Washington, D.C, USA},
  year={2003},
  organization={ACM}
}

@conference{chuah2007ecg,
  title={{ECG anomaly detection via time series analysis}},
  author={Chuah, M. and Fu, F.},
  booktitle={Frontiers of High Performance Computing and Networking ISPA 2007 Workshops},
  pages={123--135},
  year={2007},
  organization={Springer}
}

@conference{cohen2003comparison,
  title={{A comparison of string distance metrics for name-matching tasks}},
  author={Cohen, W.W. and Ravikumar, P. and Fienberg, S.E.},
  booktitle={Proceedings of the IJCAI-2003 Workshop on Information Integration on the Web (IIWeb-03)},
  pages={9--10},
  year={2003}
}

@article{corduas2008time,
  title={{Time series clustering and classification by the autoregressive metric}},
  author={Corduas, M. and Piccolo, D.},
  journal={Computational statistics \& data analysis},
  volume={52},
  number={4},
  pages={1860--1872},
  year={2008},
  publisher={Elsevier}
}

@conference{cormode2007conquering,
  title={{Conquering the divide: Continuous clustering of distributed data streams}},
  author={Cormode, G. and Muthukrishnan, S. and Zhuang, W.},
  booktitle={IEEE 23rd International Conference on Data Engineering, 2007},
  pages={1036--1045},
  year={2007}
}

@conference{costa2006clustering,
  title={{Clustering fetal heart rate tracings by compression}},
  author={Costa Santos, C. and Bernardes, J. and Vitanyi, PMB and Antunes, L.},
  booktitle={19th International Symposium on Computer-Based Medical Systems},
  pages={685--690},
  year={2006}
}

@article{cotofrei2005first,
  title={{First-Order Logic Based Formalism for Temporal Data Mining}},
  author={Cotofrei, P. and Stoffel, K.},
  journal={Foundations of Data Mining and Knowledge Discovery},
  pages={185--210},
  year={2005},
  publisher={Springer}
}

@inproceedings{das1997finding,
  title={Finding Similar Time Series},
  author={Das, G. and Gunopulos, D. and Mannila, H.},
  booktitle={Principles of data mining and knowledge discovery: First European Symposium, PKDD'97, June 24-27},
  address={Trondheim, Norway},
  volume={1263},
  pages={88--100},
  year={1997},
  organization={Springer Verlag}
}

@conference{dasgupta2000experiments,
  title={{Experiments with random projection}},
  author={Dasgupta, S.},
  booktitle={Uncertainty in Artificial Intelligence: Proceedings of the Sixteenth Conference (UAI-2000)},
  pages={143--151},
  year={2000}
}

@conference{de2001some,
  title={{Some known facts about financial data}},
  author={De Bodt, E. and Rynkiewicz, J. and Cottrell, M.},
  booktitle={9th Europ. Symp. on Art. Neural Networks. D facto},
  pages={223--236},
  year={2001},
}

@article{degli2009sequence,
  title={{Sequence distance via parsing complexity: Heartbeat signals}},
  author={Degli Esposti, M. and Farinelli, C. and Menconi, G.},
  journal={Chaos, Solitons \& Fractals},
  volume={39},
  number={3},
  pages={991--999},
  year={2009},
  publisher={Elsevier}
}

@article{dekimpe2008time,
  title={{Time-series models in marketing}},
  author={Dekimpe, M.G. and Franses, P.H. and Hanssens, D.M. and Naik, P.A.},
  journal={Handbook of Marketing Decision Models},
  pages={373--398},
  year={2008},
  publisher={Springer}
}

@conference{deng1997learning,
  title={{Learning to recognize time series: combining ARMA models with memory-based learning}},
  author={Deng, K. and Moore, AW and Nechyba, MC},
  booktitle={Proceedings of the IEEE International Symposium on Computational Intelligence in Robotics and Automation, 1997. CIRA'97},
  pages={246--251},
  year={1997}
}

@conference{denton2005kernel,
  title={{Kernel-density-based clustering of time series subsequences using a continuous random-walk noise model}},
  author={Denton, A.},
  booktitle={Proceedings of the fifth IEEE International Conference on Data Mining},
  pages={122--129},
  year={2005}
}

@article{dietterich2002machine,
  title={{Machine learning for sequential data: A review}},
  author={Dietterich, T.},
  journal={Structural, Syntactic, and Statistical Pattern Recognition},
  pages={227--246},
  year={2002},
  publisher={Springer}
}

@article{ding2008querying,
  title={{Querying and mining of time series data: experimental comparison of representations and distance measures}},
  author={Ding, H. and Trajcevski, G. and Scheuermann, P. and Wang, X. and Keogh, E.},
  journal={Proceedings of the VLDB Endowment},
  volume={1},
  number={2},
  pages={1542--1552},
  year={2008},
  publisher={VLDB Endowment}
}

@conference{dong2003online,
  title={{Online mining of changes from data streams: Research problems and preliminary results}},
  author={Dong, G. and Han, J. and Lakshmanan, L.V.S. and Pei, J. and Wang, H. and Yu, P.S.},
  booktitle={Proceedings of the 2003 ACM SIGMOD Workshop on Management and Processing of Data Streams},
  address={San Diego, CA},
  year={2003}
}

@conference{domingos2000mining,
  title={{Mining high-speed data streams}},
  author={Domingos, P. and Hulten, G.},
  booktitle={Proceedings of the sixth ACM SIGKDD international conference on Knowledge discovery and data mining},
  pages={71--80},
  year={2000},
  organization={ACM}
}

@article{faloutsos1994fast,
	Author = {Faloutsos, C and Ranganathan, M and Manolopulos, Y},
	Journal = {SIGMOD Record},
	Pages = {419 -- 429},
	Title = {Fast subsequence matching in time-series databases},
	Volume = {23},
	Year = {1994}}

@article{faloutsos2007data,
  title={{On data mining, compression, and kolmogorov complexity}},
  author={Faloutsos, C. and Megalooikonomou, V.},
  journal={Data Mining and Knowledge Discovery},
  volume={15},
  number={1},
  pages={3--20},
  year={2007},
  publisher={Springer}
}

@article{ferragina1999string,
  title={{The string B-tree: a new data structure for string search in external memory and its applications}},
  author={Ferragina, P. and Grossi, R.},
  journal={Journal of the ACM},
  volume={46},
  number={2},
  pages={236--280},
  year={1999},
  publisher={ACM New York, NY, USA}
}

@conference{ferreira2006mining,
  title={{Mining approximate motifs in time series}},
  author={Ferreira, P. and Azevedo, P. and Silva, C. and Brito, R.},
  booktitle={Lecture Notes in Computer Science},
  volume={4265},
  pages={89--101},
  year={2006},
  organization={Springer}
}

@article{fink2003indexing,
  title={{Indexing of compressed time series}},
  author={Fink, E. and Pratt, K.B.},
  journal={Data mining in time series databases},
  pages={51--78},
  year={2003},
  publisher={World Scientific}
}

@conference{flanagan2003non,
  title={{A non-parametric approach to unsupervised learning and clustering of symbol strings and sequences}},
  author={Flanagan, J.A.},
  booktitle={Proceedings of the 4th Workshop on Self-Organizing Maps (WSOM03)},
  pages={128--133},
  year={2003}
}

@article{flexer2000monitoring,
  title={{Monitoring human information processing via intelligent data analysis of EEG recordings}},
  author={Flexer, A. and Bauer, H.},
  journal={Intelligent Data Analysis},
  volume={4},
  number={2},
  pages={113--128},
  year={2000},
  publisher={IOS Press}
}

@conference{frenkel2003curve,
  title={{Curve matching using the fast marching method}},
  author={Frenkel, M. and Basri, R.},
  booktitle={Energy Minimization Methods in Computer Vision and Pattern Recognition},
  pages={35--51},
  year={2003},
  organization={Springer}
}

@conference{frentzos2007index,
  title={{Index-based most similar trajectory search}},
  author={Frentzos, E. and Gratsias, K. and Theodoridis, Y.},
  booktitle={IEEE 23rd International Conference on Data Engineering, 2007. ICDE 2007},
  pages={816--825},
  year={2007}
}

@article{frohwirth2008model,
  title={{Model-based clustering of multiple time series}},
  author={Fr{\"o}hwirth-Schnatter, S. and Kaufmann, S.},
  journal={Journal of Business and Economic Statistics},
  volume={26},
  number={1},
  pages={78--89},
  year={2008},
  publisher={ASA}
}

@conference{fu2001pattern,
  title={{Pattern discovery from stock time series using self-organizing maps}},
  author={Fu, T. and Chung, FL and Ng, V. and Luk, R.},
  booktitle={Workshop Notes of KDD2001 Workshop on Temporal Data Mining},
  pages={26--29},
  year={2001}
}

@article{fu2008scaling,
	title={{Scaling and time warping in time series querying}},
	author={Fu, A.W. and Keogh, E. and Lau, L.Y. and Ratanamahatana, C.A. and Wong, R.C.W.},
	journal={The VLDB Journal - The International Journal on Very Large Data Bases},
	volume={17},
	number={4},
	pages={921},
	year={2008},
publisher={Springer-Verlag New York, Inc.} }

@article{fuchs2010temporal,
  title={Temporal data mining using shape space representations of time series},
  author={Fuchs, E. and Gruber, T. and Pree, H. and Sick, B.},
  journal={Neurocomputing},
  volume={74},
  number={1-3},
  pages={379--393},
  year={2010},
  publisher={Elsevier Science Publishers BV}
}

@article{gaber2005mining,
  title={{Mining data streams: a review}},
  author={Gaber, M.M. and Zaslavsky, A. and Krishnaswamy, S.},
  journal={ACM Sigmod Record},
  volume={34},
  number={2},
  pages={18--26},
  year={2005},
  publisher={ACM}
}

@conference{gaffney1999trajectory,
  title={{Trajectory clustering with mixtures of regression models}},
  author={Gaffney, S. and Smyth, P.},
  booktitle={Proceedings of the fifth ACM SIGKDD international conference on Knowledge discovery and data mining},
  pages={63--72},
  year={1999},
  organization={ACM}
}

@conference{gaffney2003curve,
  title={{Curve clustering with random effects regression mixtures}},
  author={Gaffney, S.J. and Smyth, P.},
  booktitle={Proceedings of the Ninth International Workshop on Artificial Intelligence and Statistics},
  pages={181--189},
  year={2003}
}

@conference{ge2000deformable,
  title={{Deformable Markov model templates for time-series pattern matching}},
  author={Ge, X. and Smyth, P.},
  booktitle={Proceedings of the 6th ACM International conference on Knowledge Discovery and Data Mining},
  pages={81--90},
  year={2000}
}

@book{gersho1992vector,
  title={{Vector quantization and signal compression}},
  author={Gersho, A. and Gray, R.M.},
  year={1992},
  publisher={Kluwer Academic Pub}
}

@inproceedings{geurts2001pattern,
	Address = {Freiburg, Germany},
	Author = {Geurts, P.},
	Booktitle = {Proceedings of the 5th European conference on principles of data mining and knowledge discovery},
	Pages = {115 -- 127},
	Title = {Pattern extraction for time series classification},
	Year = {2001}}

@conference{gionis2003finding,
  title={{Finding recurrent sources in sequences}},
  author={Gionis, A. and Mannila, H.},
  booktitle={Proceedings of the seventh annual international conference on Research in computational molecular biology},
  pages={123--130},
  year={2003},
  organization={ACM}
}

@conference{gionis2005segmentation,
  title={{Segmentation algorithms for time series and sequence data}},
  author={Gionis, A. and Mannila, H.},
  booktitle={A Tutorial in the SIAM International Conference on Data Mining},
  year={2005},
  organization={Citeseer}
}

@article{golab2003issues,
  title={{Issues in data stream management}},
  author={Golab, L. and Ozsu, M.T.},
  journal={ACM Sigmod Record},
  volume={32},
  number={2},
  pages={5--14},
  year={2003},
  publisher={ACM}
}

@conference{goldin95similarity,
  title={{On similarity queries for time-series data: Constraint specification and implementation}},
  author={Goldin, D. and Kanellakis, P.},
  booktitle={Principles and Practice of Constraint Programming - CP95},
  pages={137--153},
  year={1995},
  organization={Springer}
}

@article{goldin2004bounded,
  title={{Bounded similarity querying for time-series data}},
  author={Goldin, D.Q. and Millstein, T.D. and Kutlu, A.},
  journal={Information and Computation},
  volume={194},
  number={2},
  pages={203--241},
  year={2004},
  publisher={Academic Press, Inc.}
}

@conference{goldin2006search,
  title={{In search of meaning for time series subsequence clustering: matching algorithms based on a new distance measure}},
  author={Goldin, D. and Mardales, R. and Nagy, G.},
  booktitle={Proceedings of the 15th ACM international conference on Information and knowledge management},
  pages={347--356},
  address={Arlington, Virginia, USA},
  year={2006},
  organization={ACM}
}

@inproceedings{gudmundsson2008support,
  title={Support vector machines and dynamic time warping for time series},
  author={Gudmundsson, S. and Runarsson, T.P. and Sigurdsson, S.},
  booktitle={Neural Networks, 2008. IJCNN 2008.(IEEE World Congress on Computational Intelligence). IEEE International Joint Conference on},
  pages={2772--2776},
  year={2008},
  organization={IEEE}
}

@article{gullo2009time,
  title={{A time series representation model for accurate and fast similarity detection}},
  author={Gullo, F. and Ponti, G. and Tagarelli, A. and Greco, S.},
  journal={Pattern Recognition},
  volume={42},
  number={11},
  pages={2998--3014},
  year={2009},
  publisher={Elsevier}
}

@article{gupta2007symbolic,
  title={{Symbolic time series analysis of ultrasonic data for early detection of fatigue damage}},
  author={Gupta, S. and Ray, A. and Keller, E.},
  journal={Mechanical Systems and Signal Processing},
  volume={21},
  number={2},
  pages={866--884},
  year={2007},
  publisher={Elsevier}
}

@book{gusfield1997algorithms,
  title={{Algorithms on strings, trees, and sequences: computer science and computational biology}},
  author={Gusfield, D.},
  year={1997},
  publisher={Cambridge Univ Pr}
}

@conference{guttman1984Rtrees,
  title={{R-trees: a dynamic index structure for spatial searching}},
  author={Guttman, A.},
  booktitle={Proceedings of the 1984 ACM SIGMOD international conference on Management of data},
  pages={47--57},
  year={1984},
  organization={ACM}
}

@book{han2006data,
  title={{Data mining: concepts and techniques}},
  author={Han, J. and Kamber, M.},
  isbn={1558609016},
  year={2006},
  publisher={Morgan Kaufmann}
}

@book{harris2003applied,
  title={{Applied time series modelling and forecasting}},
  author={Harris, R.I.D. and Sollis, R.},
  isbn={0470844434},
  year={2003},
  publisher={J. Wiley}
}

@conference{hebrail2000symbolic,
  title={{Symbolic representation of long time-series}},
  author={Hebrail, G. and Hugueney, B.},
  booktitle={Symbolic Data Analysis at the 4th European Conference on Principles of Data Mining and Knowledge Discovery},
  pages={56--65},
  year={2000}
}

@conference{hellerstein1997analysis,
  title={{On the analysis of indexing schemes}},
  author={Hellerstein, J.M. and Koutsoupias, E. and Papadimitriou, C.H.},
  booktitle={Proceedings of the 16th ACM Symposium on Principles of Database Systems},
  pages={249--256},
  year={1997}
}

@article{herrera2007recursive,
  title={{Recursive prediction for long term time series forecasting using advanced models}},
  author={Herrera, LJ and Pomares, H. and Rojas, I. and Guill{\'e}n, A. and Prieto, A. and Valenzuela, O.},
  journal={Neurocomputing},
  volume={70},
  number={16-18},
  pages={2870--2880},
  year={2007},
  publisher={Elsevier}
}

@conference{himberg2001time,
  title={{Time series segmentation for context recognition in mobile devices}},
  author={Himberg, J. and Korpiaho, K. and Tikanmaki, J. and Toivonen, H.T.T.},
  booktitle={Proceedings of the 1st IEEE International Conference on Data Mining},
  pages={203--210},
  year={2001}
}

@conference{himberg2001using,
  title={{Using PCA and ICA for exploratory data analysis in situation awareness}},
  author={Himberg, J. and Mantyjarvi, J. and Korpipaa, P.},
  booktitle={Proceedings of the International Conference on Multisensor Fusion and Integration for Intelligent Systems},
  pages={127--131},
  year={2001}
}

@article{hoi2006unified,
  title={{A unified log-based relevance feedback scheme for image retrieval}},
  author={Hoi, SCH and Lyu, MR and Jin, R.},
  journal={IEEE Transactions on Knowledge and Data Engineering},
  volume={18},
  number={4},
  pages={509--524},
  year={2006}
}

@conference{huang1999adaptive,
  title={{Adaptive query processing for time-series data}},
  author={Huang, Y.W. and Yu, P.S.},
  booktitle={Proceedings of the fifth ACM SIGKDD international conference on Knowledge discovery and data mining},
  pages={282--286},
  year={1999},
  organization={ACM}
}

@conference{hulten2001mining,
  title={{Mining time-changing data streams}},
  author={Hulten, G. and Spencer, L. and Domingos, P.},
  booktitle={Proceedings of the seventh ACM SIGKDD international conference on Knowledge discovery and data mining},
  pages={97--106},
  year={2001},
  organization={ACM}
}

@conference{indyk2000identifying,
  title={{Identifying representative trends in massive time series data sets using sketches}},
  author={Indyk, P. and Koudas, N. and Muthukrishnan, S.},
  booktitle={Proceedings of the 26th International Conference on Very Large Data Bases},
  pages={363--372},
  year={2000},
  organization={Morgan Kaufmann Publishers Inc.}
}

@inproceedings{islam2008enhanced,
  title={Enhanced 1-NN time series classification using badness of records},
  author={Islam, K.T.U. and Hasan, K. and Lee, Y.K. and Lee, S.},
  booktitle={Proceedings of the 2nd international conference on Ubiquitous information management and communication},
  pages={108--113},
  year={2008},
  organization={ACM}
}

@article{janacek2005likelihood,
  title={{A likelihood ratio distance measure for the similarity between the Fourier transform of time series}},
  author={Janacek, GJ and Bagnall, AJ and Powell, M.},
  journal={Lecture Notes in Computer Science},
  volume={3518},
  pages={737--743},
  year={2005},
  publisher={Springer}
}

@article{jeng2008time,
  title={{Time Series Classification Based on Spectral Analysis}},
  author={Jeng, S.L. and Huang, Y.T.},
  journal={Communications in Statistics-Simulation and Computation},
  volume={37},
  number={1},
  pages={132--142},
  year={2008},
  publisher={Taylor \& Francis}
}

@article{jensen2006generic,
  title={{A generic motif discovery algorithm for sequential data}},
  author={Jensen, K.L. and Styczynski, M.P. and Rigoutsos, I. and Stephanopoulos, G.N.},
  journal={Bioinformatics},
  volume={22},
  number={1},
  pages={21--28},
  year={2006},
  publisher={Oxford Univ Press}
}

@conference{kahveci2002similarity,
  title={{Similarity searching for multi-attribute sequences}},
  author={Kahveci, T. and Singh, A. and Gurel, A.},
  booktitle={Proceedings of the 14th International Conference on Scientific and Statistical Database Management },
  pages={175--184},
  year={2002}
}

@conference{kalpakis2001distance,
  title={{Distance measures for effective clustering of ARIMA time-series}},
  author={Kalpakis, K. and Gada, D. and Puttagunta, V.},
  booktitle={Proceedings of the IEEE International Conference on Data Mining},
  pages={273--280},
  year={2001}
}

@article{kauppinen1995experimental,
  title={{An experimental comparison of autoregressive and Fourier-based descriptors in 2D shape classification}},
  author={Kauppinen, H. and Seppanen, T. and Pietikainen, M.},
  journal={IEEE Transactions on Pattern Analysis and Machine Intelligence},
  volume={17},
  number={2},
  pages={201--207},
  year={1995}
}

@article{kehagias2004hidden,
  title={{A hidden Markov model segmentation procedure for hydrological and environmental time series}},
  author={Kehagias, A.},
  journal={Stochastic Environmental Research and Risk Assessment},
  volume={18},
  number={2},
  pages={117--130},
  year={2004},
  publisher={Springer}
}

@conference{keogh1997fast,
  title={{A fast and robust method for pattern matching in time series databases}},
  author={Keogh, E.},
  booktitle={Proc. of the 9th Int. Conf. on Tools with Artificial Intelligence},
  pages={578--584},
  year={1997}
}


@conference{keogh1997probabilistic,
  title={{A probabilistic approach to fast pattern matching in time series databases}},
  author={Keogh, E. and Smyth, P.},
  booktitle={Proceedings of the 3rd International Conference of Knowledge Discovery and Data Mining},
  pages={24--20},
  year={1997}
}

@conference{keogh1998enhanced,
  title={{An enhanced representation of time series which allows fast and accurate classification, clustering and relevance feedback}},
  author={Keogh, E. and Pazzani, M.},
  booktitle={Proceedings of the 4th International Conference of Knowledge Discovery and Data Mining},
  pages={239--241},
  year={1998},
  organization={AAAI Press}
}

@article{keogh2001dimensionality,
  title={{Dimensionality reduction for fast similarity search in large time series databases}},
  author={Keogh, E. and Chakrabarti, K. and Pazzani, M. and Mehrotra, S.},
  journal={Knowledge and Information Systems},
  volume={3},
  number={3},
  pages={263--286},
  year={2001},
  publisher={Springer}
}

@inproceedings{keogh2001locally,
	Author = {Keogh, E and Chakrabarti, K and Pazzani, M},
	Booktitle = {Proceedings of ACM conference on management of data},
	Pages = {151 -- 162},
	Title = {Locally adaptive dimensionality reduction for indexing large time series databases},
	Year = {2001}}

@inproceedings{Keogh2002benchmark,
	Address = {Edmonton, Alberta, Canada},
	Author = {Keogh, E and Kasetty, S},
	Booktitle = {Proceedings of the 8th ACM SIGKDD International conference  on knowledge discovery and data mining},
	Pages = {102 -- 111},
	Title = {On the need for time series data mining benchmarks : a survey and empirical demonstration},
	Year = {2002}}
	
@conference{keogh2003clustering,
  title={{Clustering of time series subsequences is meaningless: implications for previous and future research}},
  author={Keogh, E. and Lin, J. and Truppel, W.},
  booktitle={3rd IEEE International Conference on Data Mining},
  pages={115--122},
  year={2003}
}
	
@article{keogh2003need,
  title={{On the need for time series data mining benchmarks: A survey and empirical demonstration}},
  author={Keogh, E. and Kasetty, S.},
  journal={Data Mining and Knowledge Discovery},
  volume={7},
  number={4},
  pages={349--371},
  year={2003},
  publisher={Springer}
}

@article{keogh2003segmenting,
  title={{Segmenting time series: A survey and novel approach}},
  author={Keogh, E. and Chu, S. and Hart, D. and Pazzani, M.},
  journal={Data mining in time series databases},
  pages={1--21},
  year={2003}
}

@conference{keogh2004towards,
  title={{Towards parameter-free data mining}},
  author={Keogh, E. and Lonardi, S. and Ratanamahatana, C.A.},
  booktitle={Proceedings of 10th ACM international conference on Knowledge discovery and data mining},
  pages={206--215},
  year={2004}
}

@article{keogh2005exact,
  title={{Exact indexing of dynamic time warping}},
  author={Keogh, E. and Ratanamahatana, C.A.},
  journal={Knowledge and Information Systems},
  volume={7},
  number={3},
  pages={358--386},
  year={2005},
  publisher={Springer}
}

@article{keogh2007finding,
  title={{Finding the most unusual time series subsequence: algorithms and applications}},
  author={Keogh, E. and Lin, J. and Lee, S.H. and Herle, H.V.},
  journal={Knowledge and Information Systems},
  volume={11},
  number={1},
  pages={1--27},
  year={2007},
  publisher={Springer}
}

@article{kerr2008techniques,
  title={{Techniques for clustering gene expression data}},
  author={Kerr, G. and Ruskin, H.J. and Crane, M. and Doolan, P.},
  journal={Computers in Biology and Medicine},
  volume={38},
  number={3},
  pages={283--293},
  year={2008},
  publisher={Elsevier}
}

@conference{kim2001index,
  title={{An Index-Based Approach for Similarity Search Supporting Time Warping in Large Sequence Databases}},
  author={Kim, S.W. and Park, S. and Chu, W.W.},
  booktitle={Proceedings of the 17th International Conference on Data Engineering},
  pages={607--614},
  year={2001},
  organization={IEEE Computer Society}
}

@article{kontaki2007adaptive,
  title={{Adaptive similarity search in streaming time series with sliding windows}},
  author={Kontaki, M. and Papadopoulos, A.N. and Manolopoulos, Y.},
  journal={Data \& Knowledge Engineering},
  volume={63},
  number={2},
  pages={478--502},
  year={2007},
  publisher={Elsevier}
}

@article{kontaki2009similarity,
  title={{Similarity Search in Time Series}},
  author={Kontaki, M. and Papadopoulos, A. and Manolopoulos, Y.},
  journal={Handbook of Research on Innovations in Database Technologies and Applications},
  year={2009},
  pages={288--299},
  publisher={Information Science Publishing}
}

@conference{korn1996fast,
  title={{Fast nearest neighbor search in medical image databases}},
  author={Korn, F. and Sidiropoulos, N. and Faloutsos, C. and Siegel, E. and Protopapas, Z.},
  booktitle={Proceedings of the International Conference on Very Large Data Bases},
  pages={215--226},
  year={1996}
}

@conference{korn1997efficiently,
  title={{Efficiently supporting ad hoc queries in large datasets of time sequences}},
  author={Korn, F. and Jagadish, HV and Faloutsos, C.},
  booktitle={Proceedings of the 1997 ACM SIGMOD international conference on Management of data},
  pages={289--300},
  year={1997},
  organization={ACM}
}

@phdthesis{koskela35neural,
  title={{Neural network methods in analysing and modelling time varying processes}},
  author={Koskela, T.},
  school={Helsinki University of Technology Laboratory of Computational Engineering},
  year={2003}
}

@conference{kumar2005time,
  title={{Time-series bitmaps: a practical visualization tool for working with large time series databases}},
  author={Kumar, N. and Lolla, N. and Keogh, E. and Lonardi, S. and Ratanamahatana, C. and Wei, L.},
  booktitle={SIAM 2005 Data Mining Conference},
  pages={531--535},
  year={2005}
}

@article{lang1996noise,
  title={{Noise reduction using an undecimated discrete wavelet transform}},
  author={Lang, M. and Guo, H. and Odegard, JE and Burrus, CS and Wells Jr, RO},
  journal={IEEE Signal Processing Letters},
  volume={3},
  number={1},
  pages={10--12},
  year={1996}
}

@article{last2001knowledge,
  title={{Knowledge discovery in time series databases}},
  author={Last, M. and Klein, Y. and Kandel, A.},
  journal={IEEE Transactions on Systems, Man, and Cybernetics, Part B},
  volume={31},
  number={1},
  pages={160--169},
  year={2001}
}

@article{latecki2000shape,
  title={{Shape similarity measure based on correspondence of visual parts}},
  author={Latecki, LJ and Lakamper, R.},
  journal={IEEE Transactions on Pattern Analysis and Machine Intelligence},
  volume={22},
  number={10},
  pages={1185--1190},
  year={2000}
}

@article{latecki2005optimal,
  title={{Optimal partial shape similarity}},
  author={Latecki, L.J. and Lakaemper, R. and Wolter, D.},
  journal={Image and Vision Computing},
  volume={23},
  number={2},
  pages={227--236},
  year={2005},
  publisher={Elsevier}
}

@article{latecki2005elastic,
  title={{Elastic partial matching of time series}},
  author={Latecki, LJ and Megalooikonomou, V. and Wang, Q. and Lakaemper, R. and Ratanamahatana, CA and Keogh, E.},
  journal={Knowledge Discovery in Databases},
  pages={577--584},
  year={2005},
  publisher={Springer}}
  
@conference{latecki2007sequence,
  title={{Sequence matching capable of excluding outliers}},
  author={Latecki, L.J. and Koknar-Tezel, S. and Wang, Q. and Megalooikonomou, V.},
  booktitle={Proceedings of Workshop on Time Series Classification at ACM SIGKDD Int. Conf. on Knowledge Discovery and Data Mining},
  address={San Jose, CA, USA},
  year={2007}
}

@conference{latecki2007optimal,
  title={{Optimal subsequence bijection}},
  author={Latecki, L.J. and Wang, Q. and Koknar-Tezel, S. and Megalooikonomou, V.},
  booktitle={IEEE Int. Conf. on Data Mining (ICDM)},
  year={2007},
  pages={565--570},
  address={Omaha, USA}
}

@conference{law2000rival,
  title={{Rival penalized competitive learning for model-based sequence clustering}},
  author={Law, MH and Kwok, JT},
  booktitle={Pattern Recognition, 2000. Proceedings. 15th International Conference on},
  volume={2},
  pages={2186--2195},
  year={2000}
}

@article{laxman2006survey, title={{A survey of temporal data mining}}, author={Laxman, S. and Sastry, PS}, journal={Sadhana}, volume={31}, number={2}, pages={173--198}, year={2006},
publisher={Springer}}

@conference{li1998malm,
  title={{MALM: a framework for mining sequence database at multiple abstraction levels}},
  author={Li, C.S. and Yu, P.S. and Castelli, V.},
  booktitle={Proceedings of the seventh international conference on Information and knowledge management},
  pages={267--272},
  year={1998},
  organization={ACM}
}

@article{lian2007efficient,
  title={{Efficient similarity search over future stream time series}},
  author={Lian, X. and Chen, L.},
  journal={IEEE Transactions on Knowledge and Data Engineering},
  pages={40--54},
  volume={20},
  number={1},
  year={2007},
  publisher={IEEE Computer Society}
}

@article{lian2010approximate,
  title={{Approximate similarity search over multiple stream time series}},
  author={Lian, X. and Chen, L. and Wang, B.},
  journal={Lecture Notes in Computer Science},
  volume={4443},
  pages={962--968},
  year={2010},
  publisher={Springer}
}

@article{liao2005clustering,
  title={{Clustering of time series data--a survey}},
  author={Liao, T.W.},
  journal={Pattern Recognition},
  volume={38},
  number={11},
  pages={1857--1874},
  year={2005},
  publisher={Elsevier}
}

@article{liew2000fuzzy,
  title={{Fuzzy image clustering incorporating spatial continuity}},
  author={Liew, AWC and Leung, SH and Lau, WH},
  journal={IEEE Proceedings on Vision, Image and Signal Processing},
  volume={147},
  number={2},
  pages={185--192},
  year={2000}
}

@conference{lin2003symbolic,
	Author = {Lin, J. and Keogh, E. and Lonardi, S. and Chiu, B.},
	Booktitle = {Proceedings of the 8th ACM SIGMOD workshop on Research issues in data mining and knowledge discovery},
	Organization = {ACM New York, NY, USA},
	Pages = {2--11},
	Title = {A symbolic representation of time series, with implications for streaming algorithms},
	Year = {2003}}

@conference{lin2004visually,
  title={{Visually mining and monitoring massive time series}},
  author={Lin, J. and Keogh, E. and Lonardi, S. and Lankford, J.P. and Nystrom, D.M.},
  booktitle={Proceedings of the tenth ACM SIGKDD international conference on Knowledge discovery and data mining},
  pages={460--469},
  year={2004},
  organization={ACM}
}

@article{lin2005clustering,
  title={{Clustering of time-series subsequences is meaningless: implications for previous and future research}},
  author={Lin, J. and Keogh, E.},
  journal={Knowledge and information systems},
  volume={8},
  number={2},
  pages={154--177},
  year={2005},
  publisher={Springer}
}

@article{lin2007experiencing,
	Title = {Experiencing SAX: a novel symbolic representation of time series},
	Author={Lin, J. and Keogh, E. and Wei, L. and Lonardi, S.},
  journal={Data mining and knowledge discovery},
  volume={15},
  number={2},
  pages={107--144},
  year={2007},
  publisher={Springer}
}

@article{lin2008alignment,
  title={{Alignment and classification of time series gene expression in clinical studies}},
  author={Lin, T. and Kaminski, N. and Bar-Joseph, Z.},
  journal={Bioinformatics},
  volume={24},
  number={13},
  pages={147--155},
  year={2008},
  publisher={Oxford University Press}
}

@conference{lin2009finding,
  title={{Finding structural similarity in time series data using bag-of-patterns representation}},
  author={Lin, J. and Li, Y.},
  booktitle={Scientific and Statistical Database Management: 21st International Conference, SSDBM 2009 New Orleans, La, USA, June 2-4, 2009 Proceedings},
  pages={461--477},
  year={2009},
  organization={Springer}
}

@inbook{liu2005locating,
  title={{Locating motifs in time-series data}},
  author={Liu, Z. and Yu, J.X. and Lin, X. and Lu, H. and Wang, W.},
  booktitle={Advances in Knowledge Discovery and Data Mining},
  pages={343--353},
  year={2005},
  publisher={Springer}
}

@article{lotte2007review,
  title={{A review of classification algorithms for EEG-based brain--computer interfaces}},
  author={Lotte, F. and Congedo, M. and L{\'e}cuyer, A. and Lamarche, F. and Arnaldi, B.},
  journal={Journal of Neural Engineering},
  volume={4},
  pages={1--13},
  year={2007},
  publisher={IOP Publishing}
}

@conference{lowitz2009hidden,
  title={{Hidden Markov Models for Classification of Heart Rate Variability in RR Time Series}},
  author={Lowitz, T. and Ebert, M. and Meyer, W. and Hensel, B.},
  booktitle={World Congress on Medical Physics and Biomedical Engineering},
  address={Munich, Germany},
  pages={1980--1983},
  year={2009},
  organization={Springer}
}

@conference{ma2003online,
  title={{Online novelty detection on temporal sequences}},
  author={Ma, J. and Perkins, S.},
  booktitle={Proceedings of the ninth ACM SIGKDD international conference on Knowledge discovery and data mining},
  pages={613--618},
  location={Washington, D.C., USA},
  year={2003},
  organization={ACM}
}

@book{mallat1999wavelet,
  title={{A wavelet tour of signal processing}},
  author={Mallat, S.G.},
  year={1999},
  publisher={Academic Press}
}

@conference{mannila2001recognizing,
  title={{Recognizing similar situations from event sequences}},
  author={Mannila, H. and Seppnen, JK},
  booktitle={First SIAM Conference on Data Mining},
  address={Chicago, IL, USA},
  pages={1--16},
  year={2001}
}

@article{marteau2008time,
  title={{Time warp edit distance with stiffness adjustment for time series matching}},
  author={Marteau, P.F.},
  journal={IEEE Transactions on Pattern Analysis and Machine Intelligence},
  volume={31},
  number={2},
  pages={306--318},
  year={2008},
  publisher={Published by the IEEE Computer Society}
}

@book{masters1995neural,
  title={{Neural, novel and hybrid algorithms for time series prediction}},
  author={Masters, T.},
  year={1995},
  publisher={John Wiley \& Sons, Inc. New York, NY, USA}
}

@conference{megalooikonomou2004dimensionality,
  title={{A dimensionality reduction technique for efficient similarity analysis of time series databases}},
  author={Megalooikonomou, V. and Li, G. and Wang, Q.},
  booktitle={Proceedings of the thirteenth ACM international conference on Information and knowledge management},
  address={Washington, D.C., USA},
  pages={160--161},
  year={2004},
  organization={ACM}
}

@conference{megalooikonomou2005multiresolution,
  title={{A multiresolution symbolic representation of time series}},
  author={Megalooikonomou, V. and Wang, Q. and Li, G. and Faloutsos, C.},
  booktitle={Proceedings. 21st International Conference on Data Engineering},
  pages={668--679},
  year={2005}}
  
@article{mehrotra1995similar,
  title={{Similar-shape retrieval in shape data management}},
  author={Mehrotra, R. and Gary, JE},
  journal={Computer},
  volume={28},
  number={9},
  pages={57--62},
  year={1995}
}

@article{mohammad2009constrained,
  title={{Constrained Motif Discovery in Time Series}},
  author={Mohammad, Y. and Nishida, T.},
  journal={New Generation Computing},
  volume={27},
  number={4},
  pages={319--346},
  year={2009},
  publisher={Springer}
}

@phdthesis{morchen2006phd,
	Author = {Morchen, F},
	School = {Philips University Marbrug, Germany},
	Title = {Time series knowledge mining},
	Year = {2006}}

@conference{morinaka2001index,
  title={{The L-index: An indexing structure for efficient subsequence matching in time sequence databases}},
  author={Morinaka, Y. and Yoshikawa, M. and Amagasa, T. and Uemura, S.},
  booktitle={Proceedings of International Workshop on Mining Spatial and Temporal Data, PAKDD-2001},
  pages={51--60},
  year={2001}
}

@conference{morse2007efficient,
  title={{An efficient and accurate method for evaluating time series similarity}},
  author={Morse, M.D. and Patel, J.M.},
  booktitle={Proceedings of the 2007 ACM international conference on Management of data},
  pages={569--580},
  year={2007}
}

  @conference{mueen2009exact,
  title={{Exact discovery of time series motifs}},
  author={Mueen, A. and Keogh, E. and Zhu, Q. and Cash, S. and Westover, B.},
  booktitle={Proceedings of the SIAM International Conference on Data Mining (SDM)},
  pages={473--484},
  year={2009}
}

@conference{mueen2009finding,
  title={{Finding Time Series Motifs in Disk-Resident Data}},
  author={Mueen, A. and Keogh, E. and Bigdely-Shamlo, N.},
  booktitle={2009 Ninth IEEE International Conference on Data Mining},
  pages={367--376},
  year={2009},
  organization={IEEE}
}
 
@conference{muhammad2008extending,
  title={{Extending the Edit Distance Using Frequencies of Common Characters}},
  author={Muhammad Fuad, M. and Marteau, P.F.},
  booktitle={Proceedings of the 19th International Conference on Database and Expert Systems Applications},
  address={Turin, Italy},
  pages={150--157},
  year={2008},
  organization={Springer}
}
 
 @conference{nanopoulos2001feature,
  title={{Feature-based classification of time-series data}},
  author={Nanopoulos, A. and Alcock, R. and Manolopoulos, Y.},
  booktitle={Information processing and technology},
  pages={49--61},
  year={2001}
}

@article{ogras2006online,
  title={{Online summarization of dynamic time series data}},
  author={Ogras, Y. and Ferhatosmanoglu, H.},
  journal={The VLDB Journal - The International Journal on Very Large Data Bases},
  volume={15},
  number={1},
  pages={84--98},
  year={2006}
}

  @article{oh2003multi,
  title={{Multi-resolution time series analysis applied to solar irradiance and climate reconstructions}},
  author={Oh, H.S. and Ammann, C.M. and Naveau, P. and Nychka, D. and Otto-Bliesner, B.L.},
  journal={Journal of Atmospheric and Solar-Terrestrial Physics},
  volume={65},
  number={2},
  pages={191--201},
  year={2003},
  publisher={Elsevier}
}

@article{otu2003new,
  title={{A new sequence distance measure for phylogenetic tree construction}},
  author={Otu, H.H. and Sayood, K.},
  journal={Bioinformatics},
  volume={19},
  number={16},
  pages={2122--2130},
  year={2003},
  publisher={Oxford Univ Press}
}

@article{ouyang2010similarity,
  title={{Similarity search and pattern discovery in hydrological time series data mining}},
  author={Ouyang, R. and Ren, L. and Cheng, W. and Zhou, C.},
  journal={Hydrological Processes},
  volume={24},
  number={9},
  pages={1198--1210},
  year={2010},
  publisher={John Wiley \& Sons}
}

@conference{palpanas2004indexing,
  title={{Indexing large human-motion databases}},
  author={Palpanas, T. and Keogh, E. and Zordan, V.B. and Gunopulos, D. and Cardle, M.},
  booktitle={Proceedings of the 13th international conference on Very large data bases},
  pages={780--791},
  year={2004}
}

@conference{palpanas2004online,
  title={{Online amnesic approximation of streaming time series}},
  author={Palpanas, T. and Vlachos, M. and Keogh, E. and Gunopulos, D. and Truppel, W.},
  booktitle={20th International Conference on data engineering},
  pages={338--349},
  year={2004}
}

@article{palpanas2008streaming,
  title={{Streaming time series summarization using user-defined amnesic functions}},
  author={Palpanas, T. and Vlachos, M. and Keogh, E. and Gunopulos, D.},
  journal={IEEE Transactions on Knowledge and Data Engineering},
  volume={20},
  number={7},
  pages={992--1006},
  year={2008}
}

@article{panuccio2002hidden,
  title={{A Hidden Markov Model-based approach to sequential data clustering}},
  author={Panuccio, A. and Bicego, M. and Murino, V.},
  journal={Lecture Notes in Computer Science},
  volume={2396},
  pages={734--743},
  year={2002},
  publisher={Springer}
}

@conference{papadimitriou2006local,
  title={{Local correlation tracking in time series}},
  author={Papadimitriou, S. and Sun, J. and Yu, PS},
  booktitle={Data Mining, 2006. ICDM'06. Sixth International Conference on},
  pages={456--465},
  year={2006}
}

@conference{papadimitriou2006optimal,
  title={{Optimal multi-scale patterns in time series streams}},
  author={Papadimitriou, S. and Yu, P.},
  booktitle={Proceedings of the 2006 ACM SIGMOD international conference on Management of data},
  address={Chicago, IL, USA},
  pages={647--658},
  year={2006}
}

@conference{park1999fast,
  title={{Fast retrieval of similar subsequences in long sequence databases}},
  author={Park, S. and Lee, D. and Chu, W.W.},
  booktitle={In 3rd IEEE Knowledge and Data Engineering Exchange Workshop},
  pages={60--67},
  year={1999}
}

@conference{park2000efficient,
  title={{Efficient searches for similar subsequences of different lengths in sequence databases}},
  author={Park, S. and Chu, W.W. and Yoon, J. and Hsu, C.},
  booktitle={Proceedings. 16th International Conference on Data Engineering},
  pages={23--32},
  isbn={0769505066},
  year={2000}
}

@conference{patel2002mining,
  title={{Mining Motifs in Massive Time Series Databases}},
  author={Patel, P. and Keogh, E. and Lin, J. and Lonardi, S.},
  booktitle={Proceedings of IEEE International Conference on Data Mining (ICDM02)},
  pages={370--377},
  year={2002}
}

@conference{perng2000landmarks,
  title={{Landmarks : a new model for similarity-based pattern querying in time series databases}},
  author={Perng, C.S. and Wang, H. and Zhang, S.R. and Parker, D.S.},
  booktitle={Proceedings of the 16th International Conference on Data Engineering},
  pages={33--42},
  year={2000}
}

@article{pesaran2006forecasting,
  title={{Forecasting time series subject to multiple structural breaks}},
  author={Pesaran, M.H. and Pettenuzzo, D. and Timmermann, A.},
  journal={Review of Economic Studies},
  volume={73},
  number={4},
  pages={1057--1084},
  year={2006},
  publisher={John Wiley \& Sons}
}

@article{phetking2008financial,
  title={{Financial time series representation using multiresolution important point retrieval method}},
  author={Phetking, C. and Sap, M. and Noor, M. and Selamat, A.},
  journal={Journal of Information Technology},
  volume={20},
  number={1},
  pages={106--119},
  year={2008}
}

@conference{popivanov2002similarity,
  title={{Similarity search over time-series data using wavelets}},
  author={Popivanov, I. and Miller, R.J.},
  booktitle={Proceedings of the International Conference on Data Engineering},
  pages={212--224},
  year={2002}
}

@article{povinelli2004time,
  title={{Time series classification using Gaussian mixture models of reconstructed phase spaces}},
  author={Povinelli, R.J. and Johnson, M.T. and Lindgren, A.C. and Ye, J.},
  journal={IEEE Transactions on Knowledge and Data Engineering},
  volume={16},
  number={6},
  pages={779--783},
  year={2004}
}

@article{rabiner1989tutorial,
  title={{A tutorial on hidden Markov models and selected applications in speech recognition}},
  author={Rabiner, LR},
  journal={Proceedings of the IEEE},
  volume={77},
  number={2},
  pages={257--286},
  year={1989}
}

@inproceedings{radovanovic2010time,
  title={Time-series classification in many intrinsic dimensions},
  author={Radovanovic, M. and Nanopoulos, A. and Ivanovic, M.},
  booktitle={10th SIAM International Conference on Data Mining},
  year={2010},
  organization={Citeseer}
}

@article{radovanovic2010hubs,
  title={Hubs in space: Popular nearest neighbors in high-dimensional data},
  author={Radovanovi{\'c}, M. and Nanopoulos, A. and Ivanovi{\'c}, M.},
  journal={The Journal of Machine Learning Research},
  volume={9999},
  pages={2487--2531},
  year={2010},
  publisher={JMLR. org}
}

@conference{rafiei1997similarity,
  title={{Similarity-based queries for time series data}},
  author={Rafiei, D. and Mendelzon, A.},
  booktitle={Proceedings of the 1997 ACM SIGMOD international conference on Management of data},
  pages={13--25},
  year={1997}
}

@conference{rafiei1998efficient,
  title={{Efficient Retrieval of Similar Time Sequences Using DFT}},
  author={Rafiei, D. and Mendelzon, A.},
  booktitle={Proceedings. 5th International Conference of Foundations of Data Organization and Algorithms},
  pages={249--257},
  year={1998}
}

@conference{ratanamahatana2004everything,
  title={{Everything you know about dynamic time warping is wrong}},
  author={Ratanamahatana, C.A. and Keogh, E.},
  booktitle={Third Workshop on Mining Temporal and Sequential Data},
  address={Seattle, WA, USA},
  pages={1--11},
  year={2004}
}

@conference{ratanamahatana2004making,
  title={{Making time-series classification more accurate using learned constraints}},
  author={Ratanamahatana, C.A. and Keogh, E.},
  booktitle={Proceedings of SIAM International Conference on Data Mining},
  pages={11--22},
  year={2004}
}

@article{ratanamahatana2005novel,
  title={{A novel bit level time series representation with implication of similarity search and clustering}},
  author={Ratanamahatana, C. and Keogh, E. and Bagnall, A.J. and Lonardi, S.},
  journal={Advances in Knowledge Discovery and Data Mining},
  pages={771--777},
  year={2005},
  publisher={Springer}
}

@article{ratanamahatana2008stopping,
  title={{Stopping Criterion Selection for Efficient Semi-supervised Time Series Classification}},
  author={Ratanamahatana, C. and Wanichsan, D.},
  journal={Studies in Computational Intelligence},
  volume={149},
  pages={1--14},
  year={2008},
  publisher={Springer}
}

@article{ravi1998dimensionality,
  title={{Dimensionality reduction for similarity searching in dynamic databases}},
  author={Ravi Kanth, KV and Agrawal, D. and Singh, A.},
  journal={ACM SIGMOD Record},
  volume={27},
  number={2},
  pages={166--176},
  year={1998},
  organization={ACM}
}

@article{reeves2009managing,
  title={{Managing massive time series streams with multi-scale compressed trickles}},
  author={Reeves, G. and Liu, J. and Nath, S. and Zhao, F.},
  journal={Proceedings of the VLDB Endowment},
  volume={2},
  number={1},
  pages={97--108},
  year={2009},
  publisher={VLDB Endowment}
}

@article{reinert2000probabilistic,
  title={{Probabilistic and statistical properties of words: an overview}},
  author={Reinert, G. and Schbath, S. and Waterman, M.S.},
  journal={Journal of Computational Biology},
  volume={7},
  number={1-2},
  pages={1--46},
  year={2000},
  publisher={Mary Ann Liebert, Inc.}
}

@article{rocchio1971relevance,
  title={{Relevance feedback in information retrieval : The SMART retrieval system}},
  author={Rocchio, J.J. and others},
  journal={Experiments in automatic document processing},
  pages={313--323},
  year={1971}
}

@conference{rodriguez2007time,
  title={{Time series classification: Decision forests and SVM on interval and DTW features}},
  author={Rodriguez, JJ and Kuncheva, LI},
  booktitle={Proc Workshop on Time Series Classification, 13th International Conference on Knowledge Discovery and Data mining},
  year={2007}
}

@article{ruengronghirunya2009speeding,
  title={{Speeding Up Similarity Search on a Large Time Series Dataset under Time Warping Distance}},
  author={Ruengronghirunya, P. and Niennattrakul, V. and Ratanamahatana, C.},
  journal={Lecture Notes in Computer Science},
  volume={5476},
  pages={981--988},
  year={2009},
  publisher={Springer}
}

@conference{sakurai2000tree,
  title={{The A-tree: An index structure for high-dimensional spaces using relative approximation}},
  author={Sakurai, Y. and Yoshikawa, M. and Uemura, S. and Kojima, H.},
  booktitle={Proceedings of the 26th International Conference on Very Large Data Bases},
  pages={516--526},
  year={2000}
}

@conference{sakurai2005ftw,
  title={{FTW: fast similarity search under the time warping distance}},
  author={Sakurai, Y. and Yoshikawa, M. and Faloutsos, C.},
  booktitle={Proceedings of the 24th ACM Symposium on Principles of database systems},
  pages={326--337},
  year={2005}
}

@conference{salvador2004learning,
  title={{Learning states and rules for time series anomaly detection}},
  author={Salvador, S. and Chan, P. and Brodie, J.},
  booktitle={Proc. 17th International FLAIRS Conference},
  pages={300--305},
  year={2004}
}

@article{salvador2007toward,
title={{Toward accurate dynamic time warping in linear time and space}}, author={Salvador, S. and Chan, P.}, journal={Intelligent Data Analysis}, volume={11}, number={5}, pages={561--580}, year={2007},
publisher={IOS Press}}

@article{sammon1969nonlinear,
  title={{A nonlinear mapping for data structure analysis}},
  author={Sammon Jr, JW},
  journal={IEEE Transactions on computers},
  volume={100},
  number={18},
  pages={401--409},
  year={1969}
}

@article{sebastian2003aligning,
  title={{On aligning curves}},
  author={Sebastian, T.B. and Klein, P.N. and Kimia, B.B.},
  journal={IEEE Transactions on Pattern Analysis and Machine Intelligence},
  volume={25},
  number={1},
  pages={116--125},
  year={2003},
  publisher={IEEE Computer Society}
}

@article{sebastiani1999discovering,
  title={{Discovering dynamics using Bayesian clustering}},
  author={Sebastiani, P. and Ramoni, M. and Cohen, P. and Warwick, J. and Davis, J.},
  journal={Lecture Notes in Computer Science},
  volume={1642},
  pages={199--209},
  year={1999},
  publisher={Springer}
}

@conference{sebastiani2001clustering,
  title={{Clustering continuous time series}},
  author={Sebastiani, P. and Ramoni, M.},
  booktitle={Proceedings of the Eighteenth International Conference on Machine Learning},
  pages={497--504},
  year={2001},
  organization={Morgan Kaufmann Publishers Inc.}
}

@article{seidl1998optimal,
  title={{Optimal multi-step k-nearest neighbor search}},
  author={Seidl, T. and Kriegel, H.P.},
  journal={ACM SIGMOD Record},
  volume={27},
  number={2},
  pages={154--165},
  year={1998},
  publisher={ACM}
}

@article{sfetsos2004time,
  title={{Time series forecasting with a hybrid clustering scheme and pattern recognition}},
  author={Sfetsos, A. and Siriopoulos, C.},
  journal={IEEE Transactions on Systems, Man and Cybernetics, Part A},
  volume={34},
  number={3},
  pages={399--405},
  year={2004}
}

@book{shasha2004high,
  title={{High performance discovery in time series: techniques and case studies}},
  author={Shasha, D.E. and Zhu, Y.},
  year={2004},
  publisher={Springer-Verlag New York Inc}
}

@conference{shatkay1996approximate,
  title={{Approximate queries and representations for large data sequences}},
  author={Shatkay, H. and Zdonik, SB},
  booktitle={Data Engineering, 1996. Proceedings of the Twelfth International Conference on},
  pages={536--545},
  year={1996}
}

@conference{shieh2008sax,
	Author = {Shieh, J. and Keogh, E.},
	Booktitle = {Proceeding of the 14th ACM SIGKDD international conference on Knowledge discovery and data mining},
	Organization = {ACM},
	Pages = {623--631},
	Title = {iSax : indexing and mining terabyte sized time series},
	Year = {2008}}

@article{shneiderman2003eyes,
  title={{The eyes have it: A task by data type taxonomy for information visualizations}},
  author={Shneiderman, B.},
  journal={The craft of information visualization: readings and reflections},
  pages={364--371},
  year={2003}
}

@article{sorjamaa2007methodology,
  title={{Methodology for long-term prediction of time series}},
  author={Sorjamaa, A. and Hao, J. and Reyhani, N. and Ji, Y. and Lendasse, A.},
  journal={Neurocomputing},
  volume={70},
  number={16-18},
  pages={2861--2869},
  year={2007},
  publisher={Elsevier}
}

@book{smith1997scientist,
  title={{The scientist and engineer's guide to digital signal processing}},
  author={Smith, S.W.},
  year={1997},
  publisher={California Technical Publishing San Diego, CA, USA}
}

@article{smyth1997clustering,
  title={{Clustering sequences with hidden Markov models}},
  author={Smyth, P.},
  journal={Advances in Neural Information Processing Systems},
  pages={648--654},
  year={1997},
  publisher={Citeseer}
}

@article{song2008tourism,
  title={{Tourism demand modelling and forecasting--A review of recent research}},
  author={Song, H. and Li, G.},
  journal={Tourism Management},
  volume={29},
  number={2},
  pages={203--220},
  year={2008},
  publisher={Elsevier}
}

@conference{srisai2009efficient,
  title={{Efficient Time Series Classification under Template Matching Using Time Warping Alignment}},
  author={Srisai, D. and Ratanamahatana, C.A.},
  booktitle={Proceedings of the Fourth International Conference on Computer Sciences and Convergence Information Technology},
  pages={685--690},
  year={2009},
  organization={IEEE}
}

@article{srivastava2000web,
  title={{Web usage mining: Discovery and applications of usage patterns from web data}},
  author={Srivastava, J. and Cooley, R. and Deshpande, M. and Tan, P.N.},
  journal={ACM SIGKDD Explorations Newsletter},
  volume={1},
  number={2},
  pages={12--23},
  year={2000},
  publisher={ACM}
}

@conference{stiefmeier2007gestures,
	Author = {Stiefmeier, T. and Roggen, D. and Troster, G.},
	Booktitle = {Proceedings of the ICST 2nd international conference on Body area networks},
	Pages = {1--8},
	address={Florence, Italy},
	Title = {Gestures are strings: Efficient online gesture spotting and classification using string matching},
	Year = {2007}
}

@conference{struzik1999measuring,
  title={{Measuring time series similarity through large singular features revealed with wavelet transformation}},
  author={Struzik, ZR and Siebes, A. and CWI, A.},
  booktitle={Proceedings of the Tenth International Workshop on Database and Expert Systems Applications},
  pages={162--166},
  year={1999}
}

@article{subasi2007eeg,
  title={{EEG signal classification using wavelet feature extraction and a mixture of expert model}},
  author={Subasi, A.},
  journal={Expert Systems with Applications},
  volume={32},
  number={4},
  pages={1084--1093},
  year={2007},
  publisher={Elsevier}
}

@article{tanaka2005discovery,
  title={{Discovery of time-series motif from multi-dimensional data based on mdl principle}},
  author={Tanaka, Y. and Iwamoto, K. and Uehara, K.},
  journal={Machine Learning},
  volume={58},
  number={2},
  pages={269--300},
  year={2005},
  publisher={Springer}
}

@article{tang2008discovering,
  title={{Discovering original motifs with different lengths from time series}},
  author={Tang, H. and Liao, S.S.},
  journal={Knowledge-Based Systems},
  volume={21},
  number={7},
  pages={666--671},
  year={2008},
  publisher={Elsevier}
}

@book{tsay2005analysis,
  title={{Analysis of financial time series}},
  author={Tsay, R.S.},
  isbn={0471690740},
  year={2005},
  publisher={Wiley-Interscience}
}

@article{ullah2006knowledge,
  title={{Knowledge extraction from time series and its application to surface roughness simulation}},
  author={Ullah, A.M.M.S. and Harib, K.H.},
  journal={Information, Knowledge, Systems Management},
  volume={5},
  number={2},
  pages={117--134},
  year={2006},
  publisher={IOS Press}
}

@conference{vahdatpour2009toward,
  title={{Toward unsupervised activity discovery using multi-dimensional motif detection in time series}},
  author={Vahdatpour, A. and Amini, N. and Sarrafzadeh, M.},
  booktitle={Proceedings of the 21st international jont conference on Artifical intelligence},
  pages={1261--1266},
  year={2009},
  organization={Morgan Kaufmann Publishers Inc.}
}

@conference{van1999cluster,
  title={{Cluster and calendar based visualization of time series data}},
  author={Van Wijk, J.J. and Van Selow, E.R.},
  booktitle={Proceedings of the IEEE Symposium on Information Visualization},
  pages={4--9},
  year={1999},
  organization={IEEE Computer Society}
}

@conference{vasko2002estimating,
  title={{Estimating the number of segments in time series data using permutation tests}},
  author={Vasko, K.T. and Toivonen, H.T.T.},
  booktitle={Proceedings of the IEEE International Conference on Data Mining},
  year={2002},
  pages={466--473}
}

@incollection{veltkamp20014,
  title={{State of the Art in Shape Matching}},
  author={Veltkamp, R.C. and Hagedoorn, M.},
  booktitle={Principles of visual information retrieval},
  pages={87--119},
  year={2001},
  publisher={Springer Verlag}
}

@conference{vlachos2002discovering,
  title={{Discovering similar multidimensional trajectories}},
  author={Vlachos, M. and Gunopoulos, D. and Kollios, G.},
  booktitle={Proceedings of the 18th International Conference on Data Engineering},
  pages={673--684},
  year={2002},
  organization={IEEE Computer Society}
}

@conference{vlachos2003wavelet,
  title={{A wavelet-based anytime algorithm for k-means clustering of time series}},
  author={Vlachos, M. and Lin, J. and Keogh, E. and Gunopulos, D.},
  booktitle={Proc. Workshop on Clustering High Dimensionality Data and Its Applications},
  pages={23--30},
  year={2003}
}

@conference{vlachos2003indexing,
  title={{Indexing multi-dimensional time-series with support for multiple distance measures}},
  author={Vlachos, M. and Hadjieleftheriou, M. and Gunopulos, D. and Keogh, E.},
  booktitle={Proceedings of the ninth ACM SIGKDD international conference on Knowledge discovery and data mining},
  address={Washington, D.C., USA},
  pages={216--225},
  year={2003},
  organization={ACM}
}

@article{vlachos2004indexing,
  title={{Indexing time-series under conditions of noise}},
  author={Vlachos, M. and Gunopulos, D. and Das, G.},
  journal={Data mining in time series databases},
  pages={67--100},
  year={2004},
  publisher={World Scientific Pub Co Inc}
}

@conference{vlachos2005periodicity,
  title={{On periodicity detection and structural periodic similarity}},
  author={Vlachos, M. and Yu, P. and Castelli, V.},
  booktitle={SIAM International Conference on Data Mining},
  address={Newport Beach, CA},
  pages={449--460},
  year={2005}
}

@article{vlachos2006indexing,
  title={{Indexing multidimensional time-series}},
  author={Vlachos, M. and Hadjieleftheriou, M. and Gunopulos, D. and Keogh, E.},
  journal={The VLDB Journal},
  volume={15},
  number={1},
  pages={1--20},
  year={2006},
  publisher={Springer}
}

@article{vlachos2010optimal,
  title={{Optimal distance bounds for fast search on compressed time-series query logs}},
  author={Vlachos, M. and Kozat, S.S. and Yu, P.S.},
  journal={ACM Transactions on the Web (TWEB)},
  volume={4},
  number={2},
  pages={1--28},
  year={2010},
  publisher={ACM}
}

@conference{vu2006non,
  title={{A non-linear dimensionality-reduction technique for fast similarity search in large databases}},
  author={Vu, K. and Hua, K.A. and Cheng, H. and Lang, S.D.},
  booktitle={Proceedings of the 2006 ACM SIGMOD international conference on Management of data},
  address={Chicago, IL, USA},
  pages={527--538},
  year={2006},
  organization={ACM}
}

@article{wagner2007time,
  title={{Time series forecasting for dynamic environments: the DyFor genetic program model}},
  author={Wagner, N. and Michalewicz, Z. and Khouja, M. and McGregor, R.R.},
  journal={IEEE transactions on evolutionary computation},
  volume={11},
  number={4},
  pages={433--452},
  year={2007}
}

@conference{weber1998quantitative,
  title={{A quantitative analysis and performance study for similarity-search methods in high-dimensional spaces}},
  author={Weber, R. and Schek, H.J. and Blott, S.},
  booktitle={Proceedings of the International Conference on Very Large Data Bases},
  pages={194--205},
  year={1998}
}

@book{weigend1994time,
  title={{Time Series Prediction: forecasting the future and understanding the past}},
  author={Weigend, AS and Gershenfeld, NA},
  year={1994},
  publisher={Addison Wesley}
}

@conference{weber2001visualizing,
  title={{Visualizing time-series on spirals}},
  author={Weber, M. and Alexa, M. and Muller, W.},
  booktitle={IEEE Symposium on Information Visualization. INFOVIS 2001},
  pages={7--13},
  year={2001}
}

@article{weiss2004mining,
  title={{Mining with rarity: a unifying framework}},
  author={Weiss, G.M.},
  journal={ACM SIGKDD Explorations Newsletter},
  volume={6},
  number={1},
  pages={7--19},
  year={2004},
  publisher={ACM}
}

@article{white2007similarity,
  title={{Similarity Indexing for Data Mining Applications}},
  author={White, D.A. and Chatterjee, S. and Jain, R.},
  publisher={Citeseer}
}

@conference{wu2000comparison,
  title={{A comparison of DFT and DWT based similarity search in time-series databases}},
  author={Wu, Y.L. and Agrawal, D. and El Abbadi, A.},
  booktitle={Proceedings of the ninth international conference on Information and knowledge management},
  pages={488--495},
  year={2000},
  organization={ACM}
}

@inproceedings{xi2006fast,
  title={Fast time series classification using numerosity reduction},
  author={Xi, X. and Keogh, E. and Shelton, C. and Wei, L. and Ratanamahatana, C.A.},
  booktitle={Proceedings of the 23rd international conference on Machine learning ICML 06},
  volume={150},
  number={23},
  pages={1033--1040},
  year={2006},
  organization={ACM Press}
}

@conference{xi2007finding,
  title={{Finding Motifs in Database of Shapes}},
  author={Xi, X. and Keogh, E. and Wei, L. and Mafra-neto, A.},
  booktitle={Proc. of SIAM International Conference on Data Mining},
  address={Minneapolis, Minnesota, USA},
  pages={249--260},
  year={2007}
}

@article{xie2007pattern,
  title={{Pattern-based characterization of time series}},
  author={Xie, J. and Yan, WY},
  journal={International Journal of Information and Systems Science},
  volume={3},
  number={3},
  pages={479--491},
  year={2007},
  publisher={Citeseer}
}

@article{xiong2004time,
  title={{Time series clustering with ARMA mixtures}},
  author={Xiong, Y. and Yeung, D.Y.},
  journal={Pattern Recognition},
  volume={37},
  number={8},
  pages={1675--1689},
  year={2004},
  publisher={Elsevier}
}

@article{xing2010brief,
  title={{A brief survey on sequence classification}},
  author={Xing, Z. and Pei, J. and Keogh, E.},
  journal={ACM SIGKDD Explorations Newsletter},
  volume={12},
  number={1},
  pages={40--48},
  issn={1931-0145},
  year={2010},
  publisher={ACM}
}

@article{yadav2007time,
  title={{Time series prediction with single multiplicative neuron model}},
  author={Yadav, RN and Kalra, PK and John, J.},
  journal={Applied soft computing},
  volume={7},
  number={4},
  pages={1157--1163},
  year={2007},
  publisher={Elsevier}
}

@article{yan2007outlier,
  title={{Outlier detection algorithm based on pattern representation of time series}},
  author={Zhan, Y.Y. and Chen, X.Y. and Xu, R.C.},
  journal={Application Research of Computers},
  volume={24},
  number={11},
  pages={96--99},
  year={2007}
}


@conference{yang2005multilevel,
  title={{A multilevel distance-based index structure for multivariate time series}},
  author={Yang, K. and Shahabi, C.},
  booktitle={12th International Symposium on Temporal Representation and Reasoning, 2005. TIME 2005},
  pages={65--73},
  year={2005}
}

@conference{yankov2007detecting,
  title={{Detecting time series motifs under uniform scaling}},
  author={Yankov, D. and Keogh, E. and Medina, J. and Chiu, B. and Zordan, V.},
  booktitle={Proceedings of the 13th ACM SIGKDD international conference on Knowledge discovery and data mining},
  pages={844--853},
  year={2007},
  organization={ACM}
}

@article{yankov2008disk,
  title={{Disk aware discord discovery: Finding unusual time series in terabyte sized datasets}},
  author={Yankov, D. and Keogh, E. and Rebbapragada, U.},
  journal={Knowledge and Information Systems},
  volume={17},
  number={2},
  pages={241--262},
  year={2008},
  publisher={Springer}
}

@conference{ye2009time,
  title={{Time series shapelets: a new primitive for data mining}},
  author={Ye, L. and Keogh, E.},
  booktitle={Proceedings of the 15th ACM SIGKDD international conference on Knowledge discovery and data mining},
  pages={947--956},
  year={2009},
  organization={ACM}
}

@conference{ye2009autocannibalistic,
	title={{Autocannibalistic and Anyspace Indexing Algorithms with Applications to Sensor Data Mining}},
author = {Ye, D. and Wang, X. and Keogh, E. and Mafra-Neto, A.},
booktitle={The SIAM International Conference on Data Mining (SDM 2009)},
pages={85--96},
address={Sparks, Nevada},
year = {2009}
}

@conference{yi1998efficient,
  title={{Efficient retrieval of similar time sequences under time warping}},
  author={Yi, B.K. and Jagadish, HV and Faloutsos, C.},
  booktitle={Data Engineering, 1998. Proceedings., 14th International Conference on},
  pages={201--208},
  year={1998}
}

@conference{yi2000fast,
  title={{Fast time sequence indexing for arbitrary Lp norms}},
  author={Yi, B.K. and Faloutsos, C.},
  booktitle={Proceedings of the 26th International Conference on Very Large Data Bases},
  pages={385--394},
  year={2000}
}

@article{yoon2005feature,
  title={{Feature subset selection and feature ranking for multivariate time series}},
  author={Yoon, H. and Yang, K. and Shahabi, C.},
  journal={IEEE transactions on knowledge and data engineering},
  pages={1186--1198},
  year={2005},
  publisher={Published by the IEEE Computer Society}
}

@article{ypma1997novelty,
  title={{Novelty detection using self-organizing maps}},
  author={Ypma, A. and Duin, R.P.W.},
  journal={Progress in Connectionist-Based Information Systems},
  volume={2},
  pages={1322--1325},
  year={1997}
}

@article{zhang2009novel,
  title={{A novel pattern extraction method for time series classification}},
  author={Zhang, X. and Wu, J. and Yang, X. and Ou, H. and Lv, T.},
  journal={Optimization and Engineering},
  volume={10},
  number={2},
  pages={253--271},
  year={2009},
  publisher={Springer}
}

@conference{zhong2002hmms,
  title={{HMMs and coupled HMMs for multi-channel EEG classification}},
  author={Zhong, S. and Ghosh, J.},
  booktitle={Proceedings of the IEEE International Joint Conference on Neural Networks},
  pages={1154--1159},
  year={2002}
}

@article{zhong2007clustering,
  title={{Clustering-based network intrusion detection}},
  author={Zhong, S. and Khoshgoftaar, T.M. and Seliya, N.},
  journal={International Journal of Reliability Quality and Safety Engineering},
  volume={14},
  number={2},
  pages={169--187},
  year={2007}
}

@conference{zhu2003warping,
  title={{Warping indexes with envelope transforms for query by humming}},
  author={Zhu, Y. and Shasha, D.},
  booktitle={Proceedings of the 2003 ACM SIGMOD international conference on Management of data},
  pages={181--192},
  year={2003},
  organization={ACM}
}


@article{zhang1995event,
  title={Event related potentials during object recognition tasks},
  author={Zhang, X.L. and Begleiter, H. and Porjesz, B. and Wang, W. and Litke, A.},
  journal={Brain Research Bulletin},
  volume={38},
  number={6},
  pages={531--538},
  year={1995},
  publisher={Elsevier}
}

@article{zhang2008forecasting,
  title={Forecasting skewed biased stochastic ozone days: analyses, solutions and beyond},
  author={Zhang, K. and Fan, W.},
  journal={Knowledge and Information Systems},
  volume={14},
  number={3},
  pages={299--326},
  year={2008},
  publisher={Springer}
}

@inproceedings{zhong2002hmms,
   title={HMMs and coupled HMMs for multi-channel EEG classification},
   author={Zhong, S. and Ghosh, J.},
   booktitle={Proceedings of the 2002 International Joint Conference on Neural Networks},
   volume={2},
   pages={1154--1159},
   year={2002},
   organization={IEEE}
   }